2371 3516
1012 2092 1090 2148 HB,
1393 2017 1616 2093 134. porro
465 3205 727 3267 tallatur vel
834 1035 2341 1154 hoc effici poterit loco ardinatasutnc sumendo, cnvo et loco ordinatar
895 1107 1374 1172 conpergentes vel alias
115 1134 1186 1226 Ercce elegantissimum specimens problematius quo
1164 1158 2288 1250 quo problemata Methodi Tangentiumm inversae solvuntur, a
168 1205 2267 1291 fallem reducunturad Quadraturas: quandocunque autem Nimirum efficiendum est si licet diversis aequationibus conquisitis, ut
134 1261 2249 1336 Una lantum incognitarum in vincuo reliaquatur. Nota si  loco 1X. vel y. alia quaedom recta inveniri posset ut quae
148 1308 2253 1379 esset obliqua, aut quae esset c una ex convergentibus ad idem punctum qua adhibita una tantum incognutatum in vinculis
99 1351 2255 1433 restaret, tuto adhiberetur, examplum sumi postet in quaerenda ipsarum A relatione summa enim ipsarum AP. ad axem
111 1402 2277 1474 aequatur semioquadrato ipsius Ac. Quandocunque in vinculo conteu relictae uni incognatae formulee sunt tum tales ut incognata no
132 1425 2300 1517 comeineatur in irrationalitate ane nontinatore, semper absolute solvi potest problema reducitur enim adra talem quae est in
119 1474 2312 1558 potest in potetate, idem est in nominateribus circtionalitus simplicisus. At in compositis casus evenire potest, ut ad quadratutam
109 1511 2320 1607 redeam, quaenn et in potestate. sed quicquid sit quandicunque problema ad Quadratura reduxim, sempe describi potest capva
127 1558 2269 1650 Eraesita G motu Geometrico, qui exacte in potestate est, ner materi alem curvam siponot. Haec porro nethodis
115 1595 2214 1703 enalitice exhibebit omnes prt quadraturam a se envice dependentias; et viri sternet ad absolvcudo
484 1627 2308 1742 Fateor interim feri posse, ut ingenti numero aequationum inadae quatarum (quales istas voco, quaru
127 1664 2324 1810 pluribus opus est ad solvendum problemasetsi ipsae solae sufficeient, si hactatales essent .)apus sit ad nam renius ex vinulis follenda
127 1685 455 1759 tetragonisticen.
1768 1730 1792 1777 iu
1856 1709 2333 1769 non usi simel. itaque intereri
1008 1728 1501 1814 nus terminus ex vinculis tolli potest
246 1746 2263 1892 quaeri numetum aequationum inadae quatarum. Et examinandum quae sint abaliis quodam modo independentes id is per
119 1781 473 1841 natum enim in eo est
84 1828 207 1883 maguu
678 1816 1614 1896 invicem derivari g. sumbua omnum AB, et summa omni
562 1810 2267 1953 cnque Trigonometiae iud igisibilium ope non ordinatarum non paralletarum sed quergentium sit punctms fipum B. ht
903 1916 1184 1976 DE perp. ia bc
1272 1890 1440 1953 noto Benen
1571 1865 2314 1945 ut AHFocunentes BA mamabs ad BC seu parallila
420 1931 1692 2035 DE, et BH normalis ad tangenter Dc prodactas. Hiec similia Vla: CED, NHN CHB, BNA Ergo
746 1992 987 2058 HA Et B
433 2006 1252 2129 smarem tirmae aequari usii A B in e se a
1297 1978 1526 2049 exsquitur sumen
1209 2054 1647 2146 CB, d eptava plint per sepusum
1982 1910 2103 1976 adcoque
1858 1986 2251 2064 uade rursus fiet:
2095 2029 2310 2113 cB. inest
416 2092 2312 2222 quod postienum notabile videtur pro Trochocidibus Nimurum si crvae ec provolutione inplano fi iumoto EA puncto BF
650 2103 715 2174 HB
1270 2138 2312 2226 adiculuris ad tradioeidem; et posita ordinatu trodhocidis ad plonom
344 2174 2341 2304 Immobice CA esse BH, it CH. interceptae ad sc ipsam est vssegnias ipplicatae summatio, aequabuntur ipsis CB summatis ad suas
424 2183 1039 2258 constante describatur curva Trochoeides e
349 2217 2333 2347 diffrenlias explicatis, gam si adimatae quaedam ad suas differentias spplicentur idem producetur ac si quaeratus differentiarum momentum ex axes ides
834 2254 2327 2369 in maxima in dystanta sin centri gravitatis, id est puncti sci medii ab axe, id est in suidimidium ducalu
406 2289 2327 2426 aquatur summa tatium semi quad rato maximi, semper ergo habebitur simma omnum BC in cE, quae aequabitur semper semiquada
377 2328 631 2379 comentum ac si sum
387 2379 1178 2476 E, hoc summae omnum BP, ad axem ixplicatitum
498 1918 639 1988 cm it
424 2101 502 2181 Cx
1401 2332 2326 2418 pependicularsadeurvom Dc. sit curva B tulis rochocideq
412 2381 2326 2506 ex per punctum B descriptet ec tungatur cB chocoa desribens quam ostendo simper ad tnum esse perpendialarem et B H, ordias
406 2416 2267 2556 et HC tranfe applicentur in Cb, ad planum, seu addifferentias ipsaum HC erit fignoo unde oita semper quadrabit
433 2478 1616 2605 et aequalis seniquadato CB. tum differen  ipsa in GH (puncto Gposito fu
603 2549 961 2629 plicentur differenliae int
1057 2523 1653 2595 duas differentias summa tatum aequabitum
449 2568 1315 2693 tunc fac tantu locum fericid lineog rects feort,  alia
517 1761 912 1830 quod una aequatione non
248 1857 656 1937 em calculum nmpossius a
340 2330 371 2420 s
1718 2449 2286 2521 plicatae aequentur semoquadrato Hs
1749 2486 2304 2562 proprio semiquarrato, unde necess est
1487 2527 2279 2625 suprest ut demonstrem Generalillo chorivi in
557 2564 2265 2703 semper Dare perpendiculore ad Trochocidem quod probo fig. 4 sit potysonum ABC3 rob provolvendum sit punctu
539 2603 2302 2750 descubens A. Centro C. radio 13 descritatur circulus dum punctam veriiat in 4 puncta rectae BCH, et tunc A
598 2652 2314 2793 perveniet in L. macta AL. utique erit tansens nodhocidis, bispretur arequs AMML, et jungatuo eM quae secet
590 2689 2314 2828 At in N secubit utiqus ad angulos rectos diameter sculiceteuculichordom friareus bisecto, aseent es perpendi
1123 2734 2142 2836 adcurvom, seii CN, EA vel et euide habent termiuus conimus
603 2762 2320 2908 et posita CD infinili parva:; differentim ipsae quoque habebunt infinise parvom, sed et alterterminus, ut A plvelt
603 2789 1082 2875 citeris ad AN tangentem ejus
560 2875 1047 2955 infiale parve differet. Ergo C.
1333 2812 2318 2935 plerum idest in gentratule chedae adcurvam dubitur suprferes
1139 2834 1645 2914 hnsperpendicularis ad langenta, sive l
967 2888 1307 2969 ficentur adcu,
496 2935 854 3025 Nt fincvi cirer
443 3002 914 3086 quae merati esse debet pos
502 3041 897 3117 Am fig. 1. ex BC. ipsu
1317 2904 1692 2971 surva e pro roihocide
1012 2943 1092 2994 liuum
1282 3039 1438 3101 ima sum
756 3060 1129 3144 ad uulatio desideratur inter
1487 3004 1974 3096 omnume fig. 3. seu es CH in
431 3066 1606 3203 ha e ergo quia autem unius tumineo eodam deffrentiao coincidunt, ergo fiei BP.
582 3094 684 3150 in f
502 3170 598 3228 indiss
1849 2871 2322 2947 slatum habebum Elementa cumae
994 2910 2304 3033 scilicet BC pro arithmctie proportionali investigentur ipsam gt infcrentiae in Fi. 3.
1198 2930 1266 2998 bali
953 2963 2071 3092 datur auter sic EC. a Gstans, et De, ut dixis ergo et DE., ergo et hrongulum
1131 3064 1166 3121 8
1303 3127 1378 3197 p et
2114 2957 2306 3017 EHA ideo
2132 3006 2300 3056 in dif BF
1870 3041 2294 3115 DC. indeoque latebitur valor
1473 3088 2302 3187 cognitae, ex qua aequatione trochocidib, omcibus generali, si
772 3137 2306 3265 vel de tunc quaelibus amon habere posses gentrahile analiticom quod fieri nonpt, adeo nec gleratis
1544 3181 2263 3267 ossumus simplo cineranicis Trochoendis, notationem
451 3234 1942 3355 habere pppositis quadraturs, habebitur hni vra hentraliter tollendi Ex rec aequatiore aliqua vel
433 3242 901 3318 sibtatio esse potest. Interrea
2040 3205 2300 3267 altrum porattiu
1252 3273 1942 3357 tamum quia descripto ntrahlis Tredioeidi
2050 3262 2230 3318 moturo
261 3295 2259 3430 germehica ompositum, ut aliti motui, semper haberi potest utendo in fg. 1. etroria pro avinata, idio ut um bilis centra
232 3316 793 3387 ope tujus inventaa aequaationis
304 3398 371 3461 rect
799 3320 1002 3371 raliuud
443 3363 2060 3465 qveatur alias ducens t ideo possimius habere semper effectionem hujus aequationis novsprae geomericam
23 3013 367 3078 trigonometria india
46 3037 400 3129 sibitrum nos habeat ter
46 3139 336 3205 orfieccatris) et
52 3176 361 3238 Ratum novum ha
43 3217 355 3275 bibimus theorem
44 2906 459 3002 B3. elegans observat
27 2967 367 3045 teitemus efficere ut
103 3092 353 3166 applicare pns
54 3264 195 3334 eleguq
