1923 2265
738 6 921 60 nonvelle
388 57 1288 153 Methode ides Tangentes, ou
524 127 1174 221 De Maximis et Minimis.
1188 113 1205 172 s
1235 78 1887 183 et non sit opus tollere imationalitate
363 265 1863 361 Monsieur Fermat Conseiller an Parlement de Tolouse a trouue le
387 318 1861 444 premier un mogen general. de donner les Touchantes de toutes les lignes:
378 392 1875 512 courbes Analytigues, c'est a dire dont la nature peut estre expliquee
375 453 1871 593 par une equation. Mons. des cartes par apres a fait le meme effect
396 518 1865 666 par une autre voye, en faisant voir que les Equations qui servent
380 570 1890 739 a trouver les tangentes, out deux racines egales. Mais le calcul done
396 729 621 800 il se sert
661 705 1008 783 est trop prolixe
1019 646 1882 748 et trop embarasse pour estre mis en
400 756 1049 895 usage. Monsicno edde
1073 707 1873 817 fudde, dont les dcux lebres adjontees
388 801 1886 966 a la fin. de laGeometrie de schoteu passent sans contredit, tout
386 899 1870 1045 ce qu'on avoit ecrit auparavant en Analyse, a trouue im
402 963 1907 1135 abrege admirable, en multipliant les termes d'une equation par
407 1048 1904 1209 les termes d'une progression arithmetique. Il est vray que
415 1128 1867 1277 ce qu'il dit ne regarde que les Equations d'une seule inconnue,
402 1189 1904 1348 il avoit ne antmoins la methode de faire le meme sur les equations
397 1263 1876 1423 de deux indetermineesquorgu il ne l'ait pas publice.  C'est
400 1323 1867 1506 donc a Mons. Slusius que le public en est oblige, et
400 1401 1867 1566 apres cela plusieurs out cru que celte matiere estoit epuisee.
426 1479 1910 1648 Mlais comme Mesticure Termat, des Cartes et slusius out suppose
441 1561 1853 1735 qe la nature de la courbe soit exprimee par une equation n
429 1722 687 1819 purgée de
410 1817 555 1882 inger
723 1630 1895 1764 grandeurs rompues et irrationelles, il est aise de
573 1770 830 1871 ve pour les
885 1703 1866 1828 ter il faut qua le calcul grossisse quelques
412 1847 923 1950 fois horriblement,
970 1796 1887 1896 et que l'on monte a des dimensions tres
421 1874 1868 2012 hautes, dont la depression par apres est tres difficile mais absola
395 1959 1858 2090 necessaire, puisque je feray Doir par une autre voye, qu'on
401 2049 1839 2169 nlavoit pas beson de monter si haut. I'ay donc trouue
