2498 3886
90 32 1453 129 Hinc praecipiunt ut fractae  irrationales puts
116 110 1468 209 ollante quas quantitates _
382 185 721 276 vel e
801 179 844 293 ed
1263 185 1560 280 vel similees
94 256 1895 349 inde terminatae ingrediuntur atet etiam n Methodum nostra
92 317 1718 410 porrigi ad curvas transcerdentes quae ad calculum Algebraicum
181 371 2437 468 rebocari non possunt, seu quae nuterus sunt certigradus, idque ugiversalisumo modo sine ullis
211 438 2426 524 Nsi y esset quantitas transcendens exemplicansa. Suppositionibus particularibus
209 500 1586 589 ordinata cycloeidis, eaque calculum ingrederetur cum
125 556 1649 651 ope ipsa z ordinata alterius curvae esset determinat
781 617 822 669 se
1705 500 2439 576 modo tenuatur in genere tam
1746 548 2435 634 gentem invenire esse rectan
1716 602 2467 688 duere, quae duo curvae puncta
97 630 2452 734 et quaeretetur d dz, et per eam tangens currae x Dposterioris inde diftantiam infinite parva
88 695 1524 796 ulisdeterminanda esset dz per dy, quaeh haberetur
179 759 1573 852 autem ds quia habetur tangens cylod cycloeidis.
172 818 1694 926 ipsa autem tangens cycloeidis si nondum habert orsrageretur
1701 708 2418 798 habentia jungat osperiatim
1716 770 2435 861 seu esse tatus productum poluu
1709 833 2431 915 infinitanguli quod nobis cuuv
112 885 2431 990 similiter calculo invenori posset ex data proprietate aequivalet. Distantia autem illa
213 952 736 1040 tangentiam circuli
1468 932 2454 1016 notam infinite parva sempers per alius
345 986 1614 1101 placet autem exemplum alculi proponere
198 1062 1582 1167 ubi notetur me aliquando divisionem significace
146 1148 472 1219 hoc modo:
138 1204 487 1321 sit aequatis:
647 1118 1649 1234 quod idem est ac x divisiper y. seu X.
496 1163 682 1249 as
1230 1221 1340 1295 quadr.
1744 982 2418 1057 differentialem ut dv, vel
1729 1025 2459 1113 relationem ad ipsam exprimi potes
1731 1081 2428 1150 spociem hoc est per notam
1718 1126 2448 1202 quandam tangentem speciatom
110 1288 1899 1383 exprimens relationem, inter X et is seu inter AX et X X quaeritur
636 1351 721 1405 dato
142 1366 1066 1455 modus ex Y punctoc educendi YD
142 1429 885 1543 primum compendii causu, pro
155 1506 626 1584 pro C-xX, P: pro
146 1578 263 1664 pro
805 1565 956 1640 fiet
114 1623 1025 1731 jam ex calculo rostro constat d = seu
136 1692 263 1817 seu
64 1960 157 2037 et
168 1783 300 1869 dn
399 1796 559 1897 esse
373 1876 490 1981 esse
449 2113 500 2182 ad
92 2169 813 2264 Jam dn ae est bdx et
88 2240 695 2338 et dr est 2ydy et
1988 1288 2461 1368 DX datam
1094 1342 2439 1435 quae curvam tangat seu ratio rectae B ad rectam X Y
1081 1422 1381 1511 scribamus n
1098 1483 1172 1578 ero
1215 1707 1513 1798 et similiter
58 2035 1260 2137 quae omnes quantitates differentiales, a
364 2109 401 2197 es
1735 1554 2439 1662 equ. 0 quae sit Ac quatio secunda
1509 1988 1785 2066 et dabunt
818 2035 2469 2174 in unum additae facient o. EAequationem 3tiam, dum pro membris
1267 2158 1327 2225 et
94 2271 1545 2409 quibus valoibus in aequatione Itia substitatis habebitur
120 2346 1504 2471 Aequatio quarta, ubi quantitates differentiales
133 2398 1675 2543 quae solae super sunt, nempe dx et du semper reperiuntur
995 2471 1116 2530 han
140 2476 1548 2605 extra vincula et fractiones, quam Aequationem
196 2558 1312 2661 mutando in Analogiam fiet dx ad
177 2612 1375 2726 et unum quodque membrum afficitur vel.
153 2674 1351 2787 per dx vel per dy, servata Jam per lege
140 2720 1509 2851 hognogeneorum quo modocunque implicatus sit calanque;
136 2793 1304 2918 unde semper hiaberi potest valor ipsius
157 2886 747 2981 seu rationis dx ad dyo
747 2864 1461 2970 hoc est DX quaesitae ad
1934 2098 2422 2180 secundae aequationis
1934 2154 2446 2236 substituentur quan
1930 2193 2359 2266 tipites eorum
1962 2249 2346 2353 differentiales
164 2877 2461 3059 X x datum, quae in hoc nostro calculo (mutando aequationem quartam in Analogue
740 2929 816 2981 frati
209 3039 427 3113 erit ut
164 3095 328 3214 est ad
943 3162 1485 3255 dantur autem X et y
196 3234 1604 3350 ex dato curvae cujus tangens quaeritur puncto L dantur
226 3298 1487 3417 et valores literarum n, p, g r, S. suprascripti
367 3363 1593 3484 per x et y, habetur ergo quaesitum. Atque hoc
369 3434 1537 3544 exemplum satis implicatam ideo tantum
157 3497 1528 3616 ascripsimus, ut modus superioribus reculis in calculo
179 3564 1394 3685 etiam difficiliore utendi appare ret. Nunc
198 3620 1526 3756 praestat usum in exemplis  intellectoi
140 3715 1068 3844 magis obviis exponere ostendere.
1597 120 2454 228 quod apudnos necessarium
2230 200 2428 263 non est
2165 233 2456 313 non sempr
2176 280 2446 388 Rrccedentibus
1571 2672 2361 2787 quoad has duas quantitates,
