2390 3346
355 48 2194 163 Altera schede mectum, ex cerplorum ex posthumis
191 139 2029 263 porismatum Eucldaeorum Renovata doctina sub forma sagoges
61 236 2150 338 pori sinata nihil aliud esse videntur quam prcanones, seu problemata cum solutione
2163 61 2285 208 ana
74 316 2183 405 sua Theorematue exposita. Quisumnit pappus ex seu tentia uniorum Geometragus
74 371 2083 468 Hypothesi deficere a teoremate locali. id sane totam ps (inquit permalius
83 434 2172 535 perismatis naturam specifice revelat, neque alio fere auxitio quam eo quod haec
70 490 2055 596 verba sub ministrant, hujusce abdita materia penetravimus f ad sic intellio
78 553 2112 658 cum locum investigamus lineam inquirimus sed cum ex supposito loco alium eoerem
81 600 2036 719 venamur (+ qui cam prior aliquid si tat, unde res determiuutur  cas
139 672 762 784 tnctionam certum
786 652 2176 752 aobus ille locus voratur porisma. V. g. locus si quaeratur
68 702 2127 843 curva cajusea sit proprietas, ut ex quolibet ejus puncto, in jectam datam magnitutne
106 750 2127 903 positione et magnitudine demittendo normalem, sit quarratum nomalis vesta
61 806 2125 968 facto ex recta sermentis aequale; is hocus est circuli circumferentia, sed ope hniqus loco
66 856 2116 1013 postea alia loca invenire possumus, seu invenire circulum esse locum dem in alii
72 907 2116 1093 aliis modis plurimis. Emendat ibi pappi quendam locum ex groco codice male
74 994 1696 1145 acceptus a latino interprete. ubi pro aEx, AHП)cor
124 1063 1450 1226 videtur interpites egnotat in Mis esse
1861 974 2071 1074 legisse
94 1115 2150 1293 ПCIRП)or, Ts v6Ees EapE Xoperses NIet 60) naturas
96 1210 1677 1349 infimrtam mullitudine suppeditante; sibidem per ca
178 1310 770 1425 per H(B AYMa)cd
1705 1189 2185 1286 ver vutellyi
980 1260 2282 1370 cErcor nigividetur pappus intetligere problemato
79 1330 2157 1475 Hpccialia, et ppsci conrneratia seu indeterminata abe locos. +) porisma
111 1425 1045 1559 quintum Feumliroblematire o cum
1048 1401 1262 1487 plum est
1285 1373 2272 1468 ato circulo quaerantur duo punctu n. e
72 1436 2244 1619 a quibus si inflectatur quavis adcirums erentiam recta, (seu si ad a duobus ois
907 1552 926 1617 e
416 1578 944 1663 ducasilae
1088 1501 2150 1604 sibidem punctu  circumferentiae) sint
983 1578 1294 1648 sissamm inquacus
1004 1620 1147 1673 ab ex
70 1693 318 1777 abscissera
385 1611 957 1730 diaueltro data (ud
797 1673 840 1747 se
701 1686 773 1751 ONH
931 1652 1227 1721 ab exhremfilatest
1320 1587 2006 1667 libus diametio suasumtar
68 1697 1852 1896 semper in ratione datu ad Transulum Ef Etta. Quod per
70 1752 150 1829 asu
1986 1544 2326 1641 diametriAet
251 1633 2062 1819 secanteq re ills unam ex duabus rectis poximus t artisuntada
33 1630 258 1749 quadsta
191 1775 232 1823 a
1108 1825 1158 1883 +
699 1816 1058 1897 in rave data
1181 1773 1828 1870 veum ita punctum O sami po
96 1840 1807 2005 tuo arbilrio. Interum quic quod sit hinc patat modus inveniendi porismala,
165 1864 401 1959 fiat AZ
81 1879 1815 2072 mempe assumto circulo tunquam dato, quaeratur aliquod circa ipsam
65 2046 306 2145 probleme
455 2015 637 2109 solatio
165 2083 647 2193 cic ipsam natura
107 2176 383 2238 par eut
55 2226 485 2336 poristuatum non
130 2308 213 2388 ope
550 2150 624 2273 c
660 1936 1843 2076 dabit hujus solutio erit porisma, quae enum ub
667 2018 1549 2130 linea seu circulu dissimules pros
1558 1989 1923 2063 lema eut locale+)
736 2087 1385 2184 em Moro fermati
1091 2156 1923 2286 plurima alia construxent et hes
743 2202 1969 2396 stis placeat restituere speret, et porismata
288 2228 1056 2342 et posita quinque pori sinata
59 2332 405 2437 libros Enclido
1510 2039 1913 2135 subjicit inventioni
654 2096 1921 2254 Methodum esx puriori analysi derivandam, cujus
453 2340 1095 2459 lim sectionibus condere
1169 2301 1913 2457 sembit Mersenno id quod
72 2370 1945 2596 sumsit Ardrimedes, brachia aequaliu otiam Horizonti non parallela
79 2403 416 2487 etiam pro
226 2427 783 2533 aquuntur Epistofo
63 2541 669 2660 in aquilibrio fore ponder
836 2410 1127 2489 fermiatus.
1009 2427 2034 2572 quali, non ect rigorose verum; nempe
708 2481 2023 2650 on parillela sunt sed cendunt ad centru graviam
703 2528 937 2604 existente
665 2539 2077 2715 le gave E au point E cet le point N daas la super ficie on autemis
61 2611 675 2713 cum directiones graviu
46 2606 2031 2821 plus elorgne du centre que le point E, je ne dis pas que le poids E pese moius en E queu N
79 2671 567 2764 soit le centrc de laterre
57 2674 1995 2871 mars que la force en A parle mogen de la Bglance le resiendia plus arsement
119 2743 1965 2918 priacipe que M. de Fermat demande pour  la Geostatiquest, pae si deux pords eganux
55 2793 1982 2976 sont jonnts par une hione dioite ferme et desous sans poids et quainsi disposes;a
53 2862 1945 3016 puissent de scendre librement, ils ne reposeront jamais jusqu'a ce, que le milien
65 2916 1919 3070 tella igne s'unisse an centre commun deschoses pesantes. Tlreorema Fer–
66 2977 1884 3117 mati talo: Acentrur graomm seu terro erum F et M corpora in aqui librio quando
972 3050 1476 3122 Reciproce sib corpra se
61 3072 954 3174 quando arcus seu distantiae Oectis Curcularis
226 3117 982 3208 truibata Reati il dissalis ab
305 3182 366 3275 quad
388 3156 1277 3238 a lentio naequaliter distarit omnia absolvi posse
463 3214 522 3279 m.
1393 3063 1869 3161 reperisede reliquo puto
1355 3126 1865 3215 considereum cide esse hic sive–
537 3189 1724 3312 sice nn (e2) hade et ex in pandeat pe fili in (o) 2
