2244 3767
1314 2147 1515 2235 sive XП
280 2630 764 2722 quae quae runtur. ponatur.
161 2971 726 3086 sequitur s non esse
85 3570 205 3653 vel
1069 1201 1222 1270 Porro
117 2172 261 2258 Jam
165 2802 276 2869 fier
1921 2002 2168 2134 nvsive
1913 2034 2151 2134 si infae
548 2073 996 2163 Si jam sit aequatio
1249 2599 1360 2668 Eit
125 75 1955 196 ut in hujusmodi quaestionibus sane difficillimis simus accuratiores, exerulatia
75 140 2066 267 utile erit adhuc unam experiri, ut scilicer ipsae AP sint ipsis A B recipro ce proportionales
119 242 255 334 fiet:
904 336 1098 420 et denique
136 447 1145 542 solutio est, nam porendo X arithmeticas, fiet:
699 529 791 621 sive
1486 228 1856 322 adeoque fiet:
1490 299 1980 401 cujus jam non difficilis
1618 418 1881 525 sive fier:
1745 533 2055 629 quae expressio
108 596 2003 711 spares curvae satis est simplex. Requimatur autem ipsae pp. progossionis  authmeticae
138 671 1130 780 Contra si sint y pro gressionis aithmeticae fieret:
148 745 1132 849 esse sed hinc non facile habebitur natura curvae.
1526 663 1948 747 Nota autem dX in X
159 803 1668 941 videamus an possit esse curva in qua ipsae AC ipsis 8 P, pquaeles, fet:
891 868 1896 973 si x progressionis arithmeticae, fer:
793 937 1936 1065 sed hoc non sufficit nisi ad  curvam Mechanice
102 1027 1482 1167 describendam, per puncta scilicet proxime accedentia. ut sit
156 1165 194 1234 re
184 1224 313 1301 sive
416 1146 521 1222 eut
912 1111 996 1199 sive
1683 1014 1819 1102 sit
1337 1084 1789 1165 unde habetur (3) nempe
163 1251 1986 1395 Ita rusus poteris indeiri CyD. Et hujus cope reperietur tertia AC et ita reperietur poligonuus
156 1331 1429 1446 aliquod curvilineo quaesito eo similius, quo migor assumta est unitas
161 1358 1948 1513 X. esse proerestionis AritEmeticae significat motum (inter describendum)
140 1416 1921 1577 pein axe AB. epse uniformem. Dscuptiones autem quae suppanent motus
140 1479 1904 1626 aliquem esse uniformem, non secut prorsus in nostra potestate. Neque enim possumus
136 1565 1308 1672 produore motum uniformem; nisi contune interuptum
171 1609 1295 1726 videndum an dX dY idem sit quod dxys et an
152 1693 688 1768 et videtur in ut sit sit
144 1835 311 1912 modo
946 1674 1310 1770 L. erit erX sit
1151 1743 1302 1831 et fiet
638 1816 1297 1902 et ita patet essedmerii
1429 1575 1655 1676 idem quod
1630 1663 1749 1728 fer
196 1826 1846 1969 At idem produes si statum facias dXy NNam eo  in singulis factorious separatum
138 1902 1781 2021 Quaerend quae destruunt idem indivisoribus destructio fis, altero in alterum non inflicute
142 1950 1842 2071 idem es de divisoribus. sed vim cum rearum summae quaeruntur differenta video. disrimer
146 2019 1109 2124 viico, aliud enim est s un sit videndum est
144 2239 368 2322 aequationi
437 2168 604 2249 ergo
971 2155 1067 2230 sive
1396 2080 1488 2149 erit
588 2222 1502 2310 nam fier pro y ponendo ejus valorem fiet:
1569 2136 1900 2224 quod satis facit
106 2268 1628 2383 sive DX NX. quod verum esse consat. In summis hoc non procedunt, nam
121 2383 443 2450 cs: dem quod
531 2322 1911 2425 ratio est, quod diffecuha est quantitas unica, at summa est quantidatur
113 2375 1808 2513 plurium aggregatum. Sumue differentiarm est vltitua Ex orminus novissimus, t
211 2479 751 2559 summis facieilium, invenire
793 2423 1821 2515 summis produc edum, nondum umalytice, certa ratione
125 2465 1869 2615 pussumus, et quae in eogenerae fecii mallisius non demonstratione, sed felici inductione nituntur
106 2549 1373 2672 Demonstationem tamen eomus invente magni res foret momlnti. sit
169 2741 226 2806 et
161 2904 290 2982 adeoque
596 2699 826 2777 eodem modo
552 2806 602 2881 et
483 2888 705 2978 Cux foret
946 2624 1075 2705 pat
948 2787 973 2869 n
1176 2687 1389 2760 ponatur
1557 2523 1846 2653 e quee qtam
1260 2756 1647 2846 unde sequi videtur
952 2814 1825 2957 .Unde seqi quod est atsurdum. Unde
772 2902 1796 3040 quo ego eris C quid nisi differentia ipsarum V,
117 2967 1856 3153 divisa per differentiam ipsarum Y. summanda est. Quaelibet ergo diffecentiarum, adeoque et
1134 2998 1165 3053 N
808 3124 1262 3220 per omnes. Ergo aliud est
452 3181 1404 3291 quam d? Norputo sed est idem. Ergo si idem est etiam
92 3279 766 3371 quod absurdum est. Eodem modo an
184 3342 496 3427 gos Jam
824 3323 918 3407 Ergo
1170 3241 1255 3329 Ergo
1404 3122 1528 3187 quam
146 3371 1327 3486 Ergo absurdum esse videtur ddy; idem esse quod d
1404 3187 1517 3327 se
1687 3189 1775 3262 sive
1389 3273 1814 3396 Quod est adsurdum
1385 3373 1536 3450 itemque
94 3427 1779 3538 tamen pauli ante aseneram. et quod videtur demonstrativum. Difficilis nodus.
96 3501 759 3591 sed jam distinguendum video:
261 3551 778 3649 quantitatem aliquam vig.
1793 3331 1892 3440 quod
803 3488 1831 3570 si sit v. et V et faciant  V
1149 3543 1829 3630 sintus valores tam ipsius vi quam
339 3597 1837 3695 psius V. ratio nales per unam quandam, dius abstissam _. expresse tunc
75 3647 1534 3733 calculus semper docebite audem produci differentiam, sive idem fore
1616 3643 1860 3714 et dod vel
115 3030 1919 3201 tota V; dividenda eut per singulas ipsius Y. pas non inquam, quico singulae tantum per singulas
56 3155 789 3262 respondentus sibi dividuntur, non qualiber
77 3243 362 3321 Ergb aliud erit
1000 3536 1084 3605 vel
1860 3266 1940 3331 Ergo
2005 3423 2074 3538 2
