2447 4117
276 2939 563 3030 et faciendo
1245 2536 1407 2628 fiet
402 4 2382 171 Si quis quaere et ncumt talis naturae, ut sit FG eg. TE posita linea G
462 105 2373 247 batas quod foret utile ad mebiendum figuram HFGH ope lineae ACC, quia
492 182 2387 313 haec hic arcus in HM aequalis illi figurae) tunc unibalud opus est quam una
551 247 2398 368 FG transtata in TE inter duas rectas parallelas AH et HM quaerere
549 306 2353 448 ceinde ubi sumendum sit punctum (7) pro proxium (F) (G) in 6) (E)
549 370 2305 523 honsferenda, si, et rursus ubi punctum (7) pro tertia ((F) (G)
794 473 1188 576 linas ferenda,
1279 441 2369 560 ta  sen quaeritur progressio ipsacum
1059 528 2044 628 nam FE et (7) (E) se cecent in
572 619 1194 741 musus (7) (E) et (Y))
551 688 1105 791 secundum em inter
1215 654 2408 761 et (C) esse datum, seu eam relationem
627 777 2421 935 quin lumen vereor ne accedat valor ipsit HT in valorem
634 976 773 1072 curca
753 974 792 1056 s
444 1042 977 1152 crutio T radio FG seu
457 1111 888 1200 I PE datur
521 1189 762 1289 et HP aq
1510 855 2174 962 data rilatiare inter X et 7.
1014 917 1929 1065 aegu x, et FG a 7 H
363 1571 659 1676 fiet v aequ
1998 912 2410 1004 aego +. et
1043 983 2360 1120 E desciplus circyerrenti secabit rectam Mor m E.
1350 1081 1451 1148 aeq.
1201 1145 1554 1246 rursus (+(p) aequ
1735 1072 1998 1205 P rgo aq
414 1205 1790 1349 sit quaeritur duarum rectarum intersectio. sit
375 1408 528 1495 erit
2257 503 2348 578 et
1288 562 2421 702 se secent in (C) debet B. (B) intervallo
476 722 2073 869 habere ad HF datum, quae postulatur. sed vereor tamen
524 935 675 1013 quod
400 985 549 1097 sit F
402 1488 439 1582 i
675 1610 1263 1736 sit similiter  aeq.
1872 1134 2087 1230 et H (t
1279 1273 2394 1381 BC ag. V. ob reda YE naturam
1293 1360 1474 1470 4T se
1737 1335 2160 1443 seu et
2055 1424 2405 1516 fiet
1497 1498 2421 1603 altero intersectione inter (T((C) et
350 1628 2421 1832 duos ipsius D valores aequare, idem est ac quaerere difperentialem
336 1816 569 1909 prictis.
1153 1724 2341 1859 ponendo Z et b tanguum manentes seu
354 1836 1586 2021 samulices, et + utque y Geminatum et fret
354 2067 448 2133 et
629 1944 1160 2037 vocemus h. fet:
814 2019 986 2113 erit
1451 1930 1549 2017 equ
1352 1969 1595 2090 Feh +bI
1334 2079 1561 2188 ut
1854 1800 2376 1921 compendii causa
2195 2053 2318 2147 Eg.d
1636 2090 2247 2172 imum
290 2149 2398 2289 Similiter ope secuntae intersectionis inter (T) C) et ((T NE)) fiet
347 2284 377 2417 A
288 2442 542 2529 sec e 4c
585 2328 2424 2483 quam aequationem jungere cum ppraecedente, idem est ac
267 2419 2364 2589 quaerere proxime procedentis diffecentialem, inde proceditur
318 2520 1194 2671 id differentio differentiales,
235 2664 2408 2840 sed quia aliunde habemus du relatam ad Dh et dh est enim Lv aequ F) ideo satus
238 2767 2327 2897 erat prius in aeg. C pro zue substituere valorem per v, est enim naeq. +b 2
231 2893 428 2993 seu hb
251 3003 569 3108 Ergo dat
890 2927 954 3071 t
1126 2843 1554 2945 et ex aeg. O fiet
1030 2911 1485 3009 +s Ut _
1890 2838 1934 2943 1)
2243 2927 2385 2998 ae9. 0
1444 2950 2403 3062 datur autem de ex data dl, et a.
359 3021 2373 3179 ed non erat, cur hoc exemplur persequeren quia in eo pau tum
283 3099 1464 3275 patet, rem haberi perque uadraturus
