1924 2271
624 112 672 182 actio
299 233 1833 353 le moyen d eviter doute celte reduction stautile des fractions
296 307 1872 441 et grandeurs  irrationelles, et j'ay decouuerte une Methode generale
302 399 1862 532 pour mener les touchantes des lignes Courbes Analytignes on autres
309 473 1756 604 qui a autant d'avantage sur toutes celles qui out este plle
305 545 1840 685 publices jusque icu que celle de Mons. Plusius a sur la methode
319 611 1843 751 de Messicurs Fermat et des lartes, et je trouue a propos de
321 683 1893 841 la publier a cause de la grande il etendue de cette matiere
321 816 1090 933 que Mons. Des Cartes luus même a
1148 748 1858 859 ille e a juge estre la plus
309 836 1879 991 utile partie da la geometrie, et dont il a souhaitte e plus de venia
316 922 1853 1077 a bout. Mais pour in expliguer netement et succinctenent je
320 1034 901 1154 suis oblige dintroduive de
507 1120 878 1220 orithme nouveaux
906 968 1846 1085 nouneaux caracteres et de leux donner
901 1040 1896 1155 c'est a dire des regles tontes particuliere
326 1112 1886 1288 pour leur addition sonstraction multiplication, diision, extraction
334 1163 449 1213 un
328 1188 1843 1351 des racines et solution des equations. Que i'expligueray icu
315 1270 1839 1426 aussi clairement qu'il me sera possible  de faire en peu
604 1365 1888 1525 Mons. Fermas a trouue le premiex une Methode
337 1425 541 1503 de mots.
344 1443 1882 1622 eMaxi qui prumvit estre rendue generale, pour menes les divites
353 1493 570 1566 ethode
376 1520 1855 1683 qui fouchent les lignes conrbes analytiques. Mous. des Cartes
522 1578 1883 1741 pris dun autre biais, mais le caleul qu'il prescrit est un per
352 1640 1867 1796 prolire. Mons. Hudde a trouue un Atrege merveilleux eu multiptiant les
661 1691 1857 1844 equation par celles de la progre sion arithuretiqus
352 1743 1878 1917 il ne l'a publie que pour les peposi equations d'une sente inconnue:
674 1874 738 1915 lac
372 1781 648 1863 termes de
359 1922 498 1998 quos que
998 1814 1838 1925 celles  celles de deux interminees
863 1878 1889 2001 I. donc a Mous. Slusius que s le publac
681 1893 980 1960 e eu pour
373 1955 1886 2095 en est oblige. Mais tontes ces Met et apres rela plusieure, out cru
1593 1999 1737 2050 autlises
1328 2003 1541 2061 ces methode
364 1961 727 2037 indeterminees
374 2019 1889 2167 que cette matiere estoit epuisee Mais toutes tupposent que l'equatione
1249 2080 1528 2136 parte de celle
167 2081 1846 2269 reduite et purgee des qandes fractions et irrationelles dans lesquelle,
