2424 4045
517 2123 575 2294 de
415 2269 557 2382 H
1373 2609 1843 2712 debet diordi per
1029 3683 1144 3770 ad
1074 3597 1414 3698 vel quam g
429 3229 2109 3411 in Vollisci vol t1. Operum deest plagula CC
512 3368 1065 3476 ascrcudat Bb. 2
220 3413 2331 3604 Methadus vallisi; mvemiendi an anchis avimmis lavem inter duas quanti–
200 3507 2320 3676 dates quam proxime fieri potest, per numeros tales ut nec numerator nec mo no
227 3649 440 3725 minata
494 3636 948 3719 sit major quam
240 3692 930 3813 ad 7 sit  talis infia g9; _t
1466 3566 2300 3696 g ete. et ita ostendere quod
1229 3674 1634 3773 Metiana infra
1072 44 1540 132 sopere Aithmetreo
281 67 2271 215 uaedam mea in daleisio invenio, ut quod Examinanda scus
186 175 2309 287 utile sit pugutatim operationes per novenarium examnari; atque ade
231 251 2259 352 Et in divisporre perr lineas ductas dictinuvi operares particulares
353 328 2347 429 quod Vallisius vulbi umtalem esse principium numerorum, sed NVullitalem
229 395 2349 489 ul lineae punctum, ergo malem, rationem linfinite parvi ad aliquid
233 456 2354 564 seu initum magnitudinit e vel proportionis, esse Nimeri punciprum. Infinit
256 516 1985 633 nihila faciunt n sed infinita infinite parva faciunt apliquid
341 548 2345 705 in, facit F quia ec qui multipticat per negativum, toties sollit
242 620 2246 786 multiplicatum; bollere est autem est signum mutare. Nima Ego soleo sic rem
258 683 2172 847 concipere: si multiplices a per b idem est ac s a maltplices per
2223 678 2334 800 F at
267 743 2284 905 et productum per  i. sed multiplicare per , est tollere: Tollere autem
283 874 827 979 est signum gt mutare
337 871 2318 1062 Nolat pribadem Novanariam esse minus unversalem, quia Algebraicis
256 1006 1207 1114 non convenit, verum e ego appluo
350 1024 2313 1193 quot aurei distribiendi inter milites ut quisque habeat. sint
238 1175 519 1262 a aurei
364 1235 481 1303 ia
699 1103 2307 1231 jam quilibet mites ex 6 militibus habet 24 ergo prodeunt 6 vicibus
800 1159 2340 1310 unde patet et inmuliplicae intelligi quasi Alggebram quandum
384 1244 2115 1391 Erujo pver nondum cognita pplicave Algebrae et F ad Geometria
2187 1222 2295 1303 nihi
242 1294 2352 1465 quam postes in Carlesio vidi, mitu aliquam fraxeram. rebeabam, Aream dividebarm
242 1359 2255 1539 in qu quadratilla valde exigua velut ullitales ita mulliplicares et divisiones ex
233 1489 728 1602 caleraque ex hiblba
335 1566 748 1676 Decem, putoc
813 1460 2280 1618 lamerom comparatio per subtractionem differentia
287 1626 872 1737 per dioisionem ratio
908 1550 2307 1698 Etiam divisco non filarti per homonenea neque dividitur
263 1629 2307 1797 recta alea per ligeam, (sed meo sensu per numerum humerus quadratillorum areae,
272 1737 1272 1858 nec nunem quadrat llolum lateris +)
267 1818 978 1921 sunt homogneae inter se
1418 1687 2316 1802 latione, qualumcunque G ogntitatum
1812 1757 2334 1849 antitate est homius enen
1016 1818 1866 1939 ( vel potius Analigisre seu relatio eaderm
1050 1815 1263 1871 nemue ra
380 1838 2226 2049 progressi contmnatio proportio si referatur A ad B ut C ad D.
294 1885 571 1966 Mumlio.
308 2018 517 2146 propiessio
600 1957 1567 2078 B et C coincidant, et ila continuetur
1457 1988 2241 2114 contentie semicirentari Blinea BCd
631 2040 1434 2184 pelicoides figura contanta ABCd DA
1864 2051 2347 2152 nam codemta semmenta
690 2074 1843 2224 et quadrantalibus AB, Ad aequatur quadrato ABCd
1771 2112 2338 2218 et addantur iis equali
1328 2159 1672 2260 A,BCGB, DCI
663 2186 2203 2350 segmenta ABLA, ADMA, A ex pelicoide fit quadratum,
1902 2244 2034 2310 homo
694 2182 1274 2292 si adimantur segmenta B
197 2260 2327 2471 abphedus mulhiplicationes division) comparat hele rologos muno  non rminos
505 2319 724 2397 no factipus
458 2418 584 2496 intract
308 2420 1463 2561 naultiplicat homologos (Reterologos,
344 2519 1187 2631 vallis: vol. 1. op. pag.
398 2548 1497 2721 recinatis fractio reducitur ad loem
305 2680 755 2793 Cot in diosore
1601 2339 2313 2480 scomparat id est condividit
1565 2516 2217 2629 parendo maxim
2028 2575 2149 2676 fit
811 2678 2196 2829 ut seximales referat ad decimales re
319 2730 2241 2961 Qvocat ad decimales dierm, sed prestat referri ad decimales
305 2912 836 3047 horam nam c
274 2955 1326 3110 minulum  minutum secundum est horae
789 3040 1241 3146 tertium est horae
1385 2838 2030 2952 ergo minutum est h hor
1825 2901 2244 3011 Minutum
1742 3024 1861 3114 eM
