2242 3749
387 1062 885 1155 Jam ex hypothesi est
350 1953 1066 2034 poncndo c labere recto, sive pro
1060 1243 1216 1322 Ergo
1075 1939 1598 2032 ponendo 3ba si sive
781 2020 908 2099 Ergo
25 8 1341 120 1. Novembi. 1673. Methodi tangentium iurversae exempta
60 72 1291 185 n superiore onno nihi pro posueram quaestimem quae
1312 87 1475 137 sicilm
37 137 1752 254 potest vel ideo quod nnhil conferum methodi hactenus vulgatae: Nimirum quaeritur
464 187 1798 279 curva C(C) in qua intervalla ordinatarum BC, et perpendicularium
464 243 1762 345 ad Curvam, PC, in axe AB (8) sumta, sint ipsis ordinatis BC
456 312 1777 393 reciproce proportionalia. Sit alia recta A Dsad ipsam A Rarem
454 356 1781 458 normalis, inquam ducantur ordniatae CD ita ut ipsae AD abscissae
452 412 1816 520 ex axe (D sitt ipsis BC ordinatis ad axem A BB aequales
420 483 1731 585 erunt et cD o ordmatae ad axem A B aequales ipsis AB
414 547 1171 647 abscistis ex axe ABB) Appellemus
1585 566 1646 628 et
406 620 1850 708 constat exalibies a me demonstratis ex Om ipsam BD vocemus eo
414 685 1191 776 Constat ex alibia me demenstratis, esse
1664 845 1821 937 sive
804 914 1841 1005 At ex quadraturu
397 987 1177 1095 p trianguli pates esse
364 1316 966 1416 ex quad ratura Parabolae; ergo
1427 999 1548 1066 Ergo
1060 1066 1844 1158 ita enim erunt ipsae co ipsis y
375 1141 1162 1233 reciproce proportionales. Ergo fiet:
756 1195 833 1257 jam
700 1203 787 1314 rego
1533 687 1783 762 qu
962 756 1864 849 et ipsam B(B) vocemus Z. Constat
381 849 1321 928 ex alibi a me demonistratis: esse
439 918 464 991 2
1400 1243 1577 1328 +c At
1643 1166 1839 1226 adeoque
1337 1360 1975 1462 quae est aequatio explicans
370 1412 1835 1532 relationem inter ordinatus et abscissas x, cyrvae quae sitae C(C)
1298 1499 1368 1537 ua
370 1489 1831 1599 jnventam ergo habemus curvam,s quae est oetica et uno verbo
372 1553 1346 1643 Parabola Cubica, cujus vertex A. et poncuto
368 1616 1969 1703 Videbimus ergo an verum sit hoc T heorema sane memorabile:
297 1687 2046 1799 in Parabola crebica sunt intercept intervalla perpendicularium
304 1762 1912 1855 n ad curvam et ordinatarum ad axem, in axe sunta AB p sumita
302 1822 1779 1926 in ipsis iptis ordinatis BC. recipioce proportionalia. Hoc calculus
352 1882 1652 1976 tangentium facile ostendet; aequatio Paabolec cubicae:
291 2011 420 2130 fiei:
620 2097 827 2197 ponendo
1048 2009 1852 2097 methodo tangentium slusii erit
1102 2072 1860 2178 intervallo inter tangentem et
341 2161 1187 2272 Ordmatum in ax:  iam
341 2259 447 2345 Ergo
1116 2247 1927 2355 .sunt ergo ipses a ipsis Y.
337 2361 1396 2491 recipince proportionales quod desiderabatur
352 2447 1952 2555 Analyseos hujus artificium in eo fuit, quod ex ordinata abscissam
347 2505 1900 2613 fecimus; n cujus stratugematis antea non venerat in menteum
116 2578 1744 2690 Non est difficilior pauli vitetur quaestio, si quaerantur curva in qua ipsae
308 2630 1814 2743 s intermlea ordinatarum et perpendiculaarium sint ipsis AB
277 2693 1264 2813 abscissis reciproce proportionales. Nmpe
295 2811 393 2878 jam
810 2803 929 2847 ergo
1575 2699 1798 2774 et erit:
1262 2759 1889 2857 tum seo non potest invenii
289 2828 1841 2942 nisi ope curvae logarithmicae. Ergo ot figura, equae satis faciat
283 2884 1839 3011 est logarithtum s in sebtuplicata ratione logieri chmorum ab
289 2940 1871 3072 in qua ordinatae sunt in subduplicata ratione logarithmorum
308 3001 1616 3140 ab abscissis; quae figura  est ex numero transcndentium
297 3042 2144 3207 At retera difficilior est quaestio, cum quaeritur ut ipsae. AD sint ipsis BC ordinatis
306 3138 1473 3269 abscistis reciprore recipiore proportionalis. Nempe
331 3267 379 3326 ex
808 3251 852 3324 et
1139 3228 1237 3322 sive
1275 3313 1471 3397 et fier:
175 3424 1329 3538 ponendo ipsas xauthimelicas, cut _ constans  et fiei: _
243 3588 1154 3678 in quamomentum ordinatarum ex axe, et ab
1525 3209 1764 3297 sive fier:
1385 3486 1921 3584 sive quaeritum figura sive
1389 3565 1904 3669 vertice sive Jam
1902 835 2098 920 S summa
1891 887 2200 995 differentia
1925 2713 2058 2809 ve
