2474 4092
893 2159 1566 2273 liter pro dx scribet,
1778 2525 1944 2634 Nams
884 2448 2212 2564 dum ex dictus non difficulter demonstratur Hinc porro d
1955 2930 2364 3057 (posito ergo
884 3132 1196 3223 e reddendo
643 638 695 716 eri
154 677 720 763 Fserim scilicet per teriem
43 734 759 836 terminu figiaa aliqua intelligitur
256 800 691 866 na linea terminata
22 838 347 943 lineae contires
34 895 807 1002 perminima crescentes vel decie
90 963 648 1079 scentes intelliguntur
811 34 2358 200 differentias exponat, et tali modo, respondectes respondeneo
857 152 2239 261 inter se jungat. Multiplicatio cimplex a X y aequ
873 247 1164 338 seu xy aequ
1669 215 2442 306 Est id ipsum quod supra dixemus
877 272 2451 393 figuram cum suiae i sur complementi aequari rectangulo corcumscripto,
868 329 2460 461 Excalculo ita demonstratur:  dxy idem est quod differen
866 406 2464 529 tia duorum Xy sibi propinquorum quorum unum esto XY, altena
2312 463 2403 554 seu
1673 529 2460 663 ls t destructis deftruendis
854 613 2439 754 et omissa quantifale dX dy. quae infinite parva est respectu
877 679 2253 811 veliquorum, posito dx et du esse infinite parvas, prodibit
852 741 2458 875 pigna tamen variantur, prout X et is simul crescunt, vel uno crescent
598 1664 864 1798 ex procedent
652 2096 789 2214 seu
907 793 2458 929 alterum de crescit, quod notandum. Divisio simplexde aqui
877 1048 1041 1129 nam
877 1138 1073 1209 ubi pro
1180 1034 1243 1127 aeq
2148 977 2235 1086 exd
1375 1107 2448 1202 scibendo Xx quia omihi potest xdx tanqua
864 1170 1823 1279 infinite parvum respectu ipsius x fit: a
1239 1234 2292 1332 et quidem si esset y aequ aa. foret du ae
1155 1313 1462 1393 unde fieret
1669 1300 2435 1384 aquo valore paulo ante pro
886 1338 2455 1464 Tangente Hyperbolae usi sumus X Hinc Ex siis jam fnelle posse
861 1409 2455 1536 quivis calculo ducere poterit pultiplicationem divisionem
870 1486 1646 1586 compositam, fiet enm ita
889 1654 934 1736 na
1325 1557 1475 1654 erit:
854 1705 1391 1811 nex  aequ.
1812 1491 2001 1554 v. cirrt
1953 1536 2428 1643 quod demonstratur
1637 1645 2389 1775 ea s pro X pon indo ZV,
857 1752 1719 1877 et pro dx seu dEo ponendo
2085 1736 2430 1834 per superiora,
882 1814 2248 1934 habebitur quod diximus. Sequantur potentiae.
2289 1805 2448 1916 aquq
861 1891 2448 2011 nam nare pro et dx aequ 3XX dx,  Nam ponendo,
875 1957 2446 2068 pro V aequ x, et V aequ. X. pro d Xx poterit scribi
882 2018 1869 2157 dX. jam x hoc est (per superiora)
2282 2027 2439 2111 hucgi
991 2073 2437 2196 Xaequs et per con sequens axaegu dy) 2X dX. simi
879 2311 1448 2412 et du ponendo dx)
877 2402 1268 2484 modo in genere
1789 2139 2257 2248 hoc est (per superiora
1462 2216 2437 2341 seu A et v aponendo X et pro dy
1468 2380 1764 2473 erit aegu.
1996 2273 2435 2384 E. D. Eodem
2203 2357 2453 2446 Quemadmo
909 2639 1646 2753 C aequah.  x aequ
2278 2450 2439 2559 aequ
2028 2537 2451 2643 aequ x erit
1823 2614 2439 2725 ut notum est naturas
884 2689 2376 2823 exponentium in progressione geometrica intelligenti. Atqu
889 2759 2439 2880 hoc pro fractis idem procedit pro irrationalibus seu Radicibus.
882 2962 1785 3089 intelligo h seu h divis. per 2) seu
907 3053 1016 3159 seu
2139 2846 2421 2975 (per h.7
1446 3032 2426 3141 per supra dicta trod seu (pro
1412 3139 1600 3212 et pro
893 3207 1530 3312 quod proinde eut aequ.
1891 3194 2367 3284 Iumhis viclite
482 3259 2435 3378 non tantum omnium paraboloeidum et Hyper boloeidum jungentes, qua
886 3330 2428 3439 dratyrae continentur; sed et alia omnia, Ex his ducuntur
504 3394 1980 3514 his vicissim et quadraturae amm sit en Nam reset
882 3603 1448 3725 u et se
1578 3610 1646 3705 et
1734 3491 1871 3594 aequ.
2201 3407 2421 3525 equa
2041 3619 2312 3723 aequ. t
859 3769 2421 3889 lis vel summatorii Elementa secundum quem etiam
884 3823 2435 3951 formulae maxime compositae tractari possuntshantum pro fracta
889 3912 1268 4012 vel irrationa
1302 3941 1889 4026 est xve, vel alius se min
1987 3878 2419 3948 modo eam indefinita
2194 3926 2385 4030 in genera
2026 3930 2212 4032 ieatu
