2412 3595
709 1621 857 1685 utam
285 2129 749 2210 datis iiodem
861 1408 1234 1489 Quoniam ergus
1390 1863 1734 1969 ad Hypcrtolam
1520 3085 1856 3167 ut positis
1003 103 1768 165 dn na prepositaae antmoa
153 111 2270 239 celerum hoc modo infinita haberi spatia, quae ex cyrvae dimen sione pendeantir omnia adeo verum
1003 189 1131 229 scutvas
1662 163 1916 221 gnitae nacurae
145 171 2280 305 ut exteo apparebit, esi infinitas spatia cinveniri posse ostendemus, quarum spatia quadrabitia
209 229 2240 363 ex datis sidmatis et abscissis. itad enim et spatia infinitis modis facta e cum e
287 293 2118 427 ex data cura dimensione habebimuo quod apparebit si ostendam isas i
203 333 259 447 d
209 353 2296 497 assumi posse, ut curva H (1) fiat data. Vcabis graba sate curmm  Arve
211 413 2370 569 possumut imira A H (H) fut recta, vel panbola, vel a hyperbolu, vel liqua pareveta
185 475 2310 627 parabolocidum, aut Hyperbolocidum; vel alia denique coqua Analytica quaecunque  quod hic
2000 553 2016 615 e
215 565 1442 701 ostendam. Ex puncto H. 4 cum _ A (11) ad axem a
1794 549 1966 609 targens
191 675 497 778 ajo Zescnto
1546 569 1754 623 intelligatur
525 625 2194 748 F M magnitudine dari, tametsi positione non detur. Quod sic ostendo
885 657 2356 796 poctinucula, seu latus polagoi eurrae infinitanguli. Date enim
191 719 2376 882 qualibet curva labu ejus modi Ex data natum curvae C(C) Quia enim AF, A(+) sunt portiones
623 715 759 800 u
223 744 549 824 Datur recta F
193 770 2342 942 cuvae in rectum extensae, ideo. F(F) erit cr pogg latus polygoui infinitanguli
193 844 2276 996 emuae, unum enim latus polygoni infinitarguli praecedentibus adt seu portioni cuvae in
763 886 2370 1020 additum facit proxime dequentem curdae in rectum extensae portionem
355 942 2342 1098 Datur autem latlrn culculo latus potusgoni infinitanguli curvae, ex datapo
187 956 695 1058 rectum extensae AE
209 1000 2294 1180 progressione ordinatorum et abscissarum etc quod adeo verum est, ut methodo Heurati.
213 1060 2278 1234 figurae describi possit, cujus ordinatae sunt hujus polygoni lateribus proportiones Datur igitur
921 1162 1286 1242 ) sive GL.
245 1208 535 1298 culculoarecta
205 1242 751 1360 quia ipsae AD A
1362 1102 2252 1220 Datuur et calculo recta N (N) sive HF
809 1168 2284 1300 calculo dantur: Itaque jam ob tgula datur ergo et ratio
693 1258 1448 1382 Ergo et ob Triangula H P(4)
267 1346 293 1412 s
1520 1206 2334 1330 M (F) (H) dabitur ratio M+) ad
391 1268 2342 1463 id est ex datis FH vel (F) (H sive A N, sive AD, dabitur MF.. Tametsi puncta
301 1324 453 1402 1F ad
2072 1340 2330 1416 sumtae sunt
1366 1344 2050 1459 A N. velsumtae sunt vel AB
241 1416 2310 1595 pro arbitrio, ideo sic assumi potecunt tales ut relatio inter ipsast A FM, et FH
245 1436 755 1549 F et M. ignorentur
205 1513 1338 1667 frrqualis desideratur; id est qlis it curva
253 1635 665 1721 erat. Exempli
217 1705 499 1809 cmvae, seu
1516 1465 2324 1589 H(1) sit data. Quod faciendum
1027 1537 2388 1671 ponendo curvam cC. esse parabolam; erit Elementur
265 1741 2304 1871 quae pendet ex antum Hypeobolae quadiatura; u sed ut ipsa prodeat Haperbola, sumamus
267 1803 1712 1945 potius dambolum glavitatem directria overlentem. sit
273 1935 385 2011 Crit
1978 1789 2092 1877 erit
1960 1859 2364 1943 posito scilicet
287 1987 2296 2155 Male concepi: sit dicenduma potius Ex datis AB, dantur F(F) ut probavi,
257 2011 369 2105 Ai
795 2103 1187 2198 B, dantur A
295 2180 855 2282 relatio inter AB et 1
1282 2107 1328 2160 u
1374 2053 2344 2162 prombitrio sumi possunt, sive detur Ergo
995 2129 1828 2236 Ergo aicissim dubur retatio ex dantis
1898 2107 2246 2194 dantius AB.
1252 2160 2324 2276 quia datur natura curvae sive inter AN et
411 2212 2314 2386 p. ex natura cudvae data H(+) data. In omni enim curva cujus natura data est
1143 2234 1181 2318 ess
331 2234 861 2340 Datur et relatio inter
349 2304 1746 2448 datur haec relatio. Datur ergo et relatio inter AD, et
2006 2272 2330 2370 ad est datis AB
359 2344 2372 2516 dabuntur ipsae AD, cuvae M H () natura funt dula data tales, ut curvae p
367 2398 2306 2584 naturae fiat rata. Exemplo in eam rem opus est. quaeritur qualis debea
369 2520 1340 2654 fut sit Datis autem AD, etiam
1550 2464 2372 2570 sirc FB sive BE dari patet
361 2526 2394 2708 d id est dari poterunt tot cuivae EE, quarum figurae ex datae curvae C (C) dimensione
383 2590 2394 2768 pendeant; quot intelligi possunt cu quoda figurae quadrabiles. In exemplum
389 2758 681 2840 Da sit
401 2812 683 2911 erit  st
411 2893 479 2965 et
825 2654 2376 2812 cuiva pambolica cujus vertex A. tangus verticis, es nunc directux AB.
413 2947 901 3023 parobola. seu ut ejus
405 3005 589 3097 positis
419 3079 577 3147 tca
987 2786 1133 2852 . Erit
965 2905 1157 3001 la
1396 2766 1718 2860 Et _ t
1382 2804 2382 2909 quaeritur cumAD tatis, ut cuva A(+) sit
1458 2860 2390 3005 vet1E ejus orsinatarum differentia
1035 2963 1536 3057 differentis
2060 2929 2382 3001 lositis
903 2985 2340 3131 ert Jam constat ex natura stambolae hanc in ea esse
431 3109 1332 3229 relationem ipsarum AN, ei HB
1354 3089 1484 3165 sive L
439 3247 1468 3367 quicquam obtinuisse. Nam ex hacaequationem
471 3317 1107 3433 quod per difficile est et frei
1926 3055 2286 3151 Arithmeticis, sit
1496 3125 2314 3239 sed hic jam iiceo nos haerere; neque
2018 3199 2384 3309 quaerenda est V.
1728 3303 2384 3433 Sed hinc non nisi casus partia
