2434 3770
1397 2450 1728 2546 poro FAg
1782 2553 2249 2636 et pro P ponendo:
90 3212 251 3294 Ergo LA
1977 12 2406 123 Diameter AD, S.
548 2 1537 81 Inter. 1676. quad ratura circuli ex centro graviter
764 41 1560 127 sit arcus circuli quilibet
764 178 2394 278 arcus,  a diametio ABD distantia( in sinu sumta) 6
699 312 2339 408 Constat ex demonstratione Archimedis, momentum arcus
758 381 1728 477 ex diametro a a quo incipit esse
1964 387 2413 479 superficies autem
691 452 2406 540 arcus revolutione ciraa hanc diametrum genita est ad momentum hoc
615 515 2387 609 ut peripheria ad diametrum, hanc superficiem vocemus s. erit
925 588 1570 670 . et pro n ponendo ejus valorem
693 682 2333 770 Aliunde autem constat eandem superficiem aequari arcui
261 743 2373 848 ducto in viam centri gravitatis, se arcui ducto in peripheriam circuli cujus
316 810 2291 919 radius est B S. Hanc ita investigavimus; erit illa via centri gravitatis C, ad
301 871 2310 994 ad peripheriam circuli circa Ad nempe ad c, ut BF dupla diameter ejus seu 29.
297 950 1168 1061 ad diametrum AD, seu ad d. Ergo
291 1045 1260 1126 C. ducta in arcum dabit ac vel
1269 1147 1415 1248 fiet:
1623 946 1684 1034 en
2063 946 2266 1036 qua
1742 1026 2302 1128 .Quem valorem illius
1765 1133 2029 1225 F. ad eoque
270 1227 2036 1329 sonatur jam nota esse ratio arcus a ad peri pheriam, ita ut sit
1076 1311 2289 1409 Ergo recta quae sit sinum versum, ut
286 1388 2354 1501 arcus duplus est ad peripheriam aequabitur cic circumferentiae circuli
278 1461 2065 1570 cujus radius sit distantia centri gravitatis arcus ad a diametro
207 1516 2390 1669 sit jam arcus heptagoni. Ponatur  Inventa esse Peripheria
188 1591 2392 1757 circuli, adeoq c. esse quantitas cagnita utique et arcus heptagoni datus erit
134 1786 965 1891 si sit arcus HAC. ejus momentam
171 1843 940 1970 ejus momentum ex simi recto est
1233 1704 2220 1845 Ejus momentum sinus rectus duplicatus sit
1214 1803 1315 1949 seu
534 1903 1518 2006 via centri gravitatis c. et 2C a f)
1612 1780 2362 1891 Ejus centrum gravitatis sit
238 1943 1950 2107 verso paulo ante substituendo nunc ov sinum recdum. Ergo
326 2379 469 2490 Ergo
297 2473 469 2565 ergo
240 2565 368 2643 ergo
741 2561 888 2655 fietque
953 2048 1164 2132 erit F
1206 2364 1323 2452 jam
1323 2052 1426 2130 o
1367 2272 1654 2373 jam E
2038 1864 2346 1954 3eo V sinu
1857 2437 2140 2530 Ac. ec et
249 2601 2385 2726 habebitur aequatio in qua sotu supererit, o, quae proiide poterit semper inveniri ex data quadratura
249 2695 716 2762 circuli, et relatione
733 2662 2396 2743 arcus ad cir cumfer utiam, aqquod est absurdum. Non ergo poterit invinus
257 2706 2339 2806 quadratura circuli. Sed ne in calculo tanti momenti erremus omnia ab integio ordiemur.
64 2840 339 2913 Ciru Diameter
703 2777 873 2877 Pcripher
100 2842 1619 2965 momentum arcus AH ex tangente verticis AT est duplum segmentum A HP..
60 2940 180 3020 Nam
756 111 2358 198 circumferentia c. AB singersus P centri gravitatis
806 245 1307 339 quam vocabimus g.
278 1133 992 1223 substituendo in aequatione
284 1315 649 1415 cognito, erit
196 1732 364 1811 is erit
433 2936 766 3011 in HB. porro
1011 2919 1216 3009 in rad. seu
703 2978 1600 3070 ligdem arcus momenotum ex AT. est d ergo
1665 2762 1870 2850 sinus versus
2077 2758 2245 2829 srius rectus
2274 2936 2396 3007 Ducatur
62 3013 2400 3127 recta ipsi BF paratlla, pransibis per centrum gravitatis, ducatur et Le arcum bisecans, ransibit etiim. per centrum gravitate
81 3066 2390 3187 Ergo duae hae recto se secabud in N. centro gravitatis sunt autem anguli TR, L, A. Et A1HB si aequales ergotri angula
58 3131 990 3242 HBA LA+ similia e)) L(F) N similia Ergo
592 3214 965 3296 . sed nlhil hinc novi
