2399 3394
56 2903 629 2990 evans scit hoc auxilium
171 124 205 175 e
250 90 2344 231 paria operaMalhematica D. petri de fermat Saptoris Tolosani
130 179 2351 286 Accesserupt serecto quodam Ejusdem Epistotae, vel id opsum a plerisqus doctissuns viris Gallice
133 247 2334 356 latine ve talice  de rebus ad Mathemalicos disciplinas pertinentibus scmtae Tocosae apudidtamem
139 303 426 386 pech. 169
684 313 1063 394 sunt pagina
137 360 2321 446 hommal es scuvans 9 feur. 1665. dit que M. Carcavii est depositarie des ecrits de ch. fermat
122 416 2336 492 on a de cM. fermat une methode ponrta quadrature des parabiles detous les derres. Unc autre de
118 469 2344 543 maximis ninimis. Une introduction aux lieux plans d solides qui est un trarte analytique conternant
130 516 2282 603 la solution des problemesplans et solides, qui avoit este veu avant, que M. des partes
135 573 2319 661 eut rien pubtie sirce suiet. Un harte de contactibus sphaericis, on il a demonstre dans les
56 624 2293 725 solides, ce que M. viet a avoit demonstre quedans les plans tan autias tharte duns lequet; reliblit
84 675 2332 788 les deuxtrures d Apollonius des lieux plaus Et une mehiode generale ponr la dimensiondes lignes Comibres
182 748 2327 835 synescus Eveque de cyrene ecrivant a la Scavante Hypatia die, se me honnesi mal que, au
126 799 2338 901 desoin que s'aqu besoiidum hydroscope je nous prie de facie facre un decurare ec de mel'acter
158 854 2332 948 en donne par apres la description qui fait vois arsement que ce n'estoit autre cose, quece
105 905 2302 1016 quon appelle anjvurdinm un pese liquem: mars le p. pecta et autres n gavorent icea compris
88 944 2334 1065 et quam ce it pere vit (explication de M. fermatil ea fut fort tent. C est que ce nes
75 995 2327 1114 voulbit se dserdir de cel instrument pom sa sante et pour le discernementdes caux qu il benoit
147 1054 2283 1176 Fermalius in sagoge ad locos planos ad solidos Et quae putabam primum prodidisse Cartescum
71 1112 2287 1225 nempe aequationes duaumi neogrularum dare locos, et commodissime fieri si duae lines rectae
107 1193 809 1287 alagulam constituentes sumantur
96 1253 124 1325 0
959 1169 2302 1250 duas quantitates igmotas ad datum angulum constituamus ea vocat
192 1225 2276 1325 et C. notat de ae dare Hyperbotam. Uliter angulis obliquis. sequitur appendio
75 1278 2316 1376 continens soluvem problematum solidorum plocos. sequitur appendix de modo accoramodandi
41 1334 2265 1434 Jocos ad soluoes solidorum problematum. (fere ut postea Plusius) et ostendit hinc modum ora
82 1408 1369 1489 problemata solida solvendi per crrentum &e parabola
66 1434 2055 1551 prima propositio, apui in lib. 1. Appoll de locis planis a parpo relata e
2063 1387 2085 1455 n
2053 1451 2082 1514 es
2080 1429 2308 1549 puesstadinm
71 1502 2276 1614 duae lines agnutur vel ab uno dato puncto vela duobus, ot vel in rectam lineam
16 1557 2202 1672 veret parallela aut datum continente, cingulum. vel inter se datam proportione habentes, vel
71 1614 2251 1719 datum comprehendentes spatium, contiagt autem terminum uunius locum plenum positione ratum
39 1661 2293 1785 et alterius terminus lotum planum positione datum glinget dlemonstrat quide hoc verum
49 1740 1229 1851 FCimatius, sed non ostendit foutem Terrematis
64 1742 2300 1908 si Apotconi et hac propositio, si rectae magnitudine dator, et cuidem positione data
73 1813 2308 1962 aequidistantis unus terminus contingal rectam positione datam et alius terminus altam rectam positia
81 1900 1623 2006 datam continget. Hoc Fermatius eta verum ostendit, si pr in cir cytisect
1633 1872 2255 1959 oterut ergo generalius concipi
90 1930 2153 2074 si planum locur contingat,  unum extremum,, tunc locum planumjus tingere & alterum extremum
150 1976 2308 2121 a puncto ad possitione datas duas rectassparallelas vel conveniente, id est in uno
39 2032 2312 2175 plano positas iDucantur retae linet in dato angulo vel ralam habentes proportione, vel quam
32 2081 2293 2223 una simul cum ecu ad quam altera proportionem at datam data sit, continget unitum rectam ositione
35 2138 2283 2287 datam si sint quolium rcta positive data, atque ad ipsas a quoda puncto ducantus rectae
58 2183 2310 2332 lincae in datis angulis, sit aute quod data linea et ducta continetur una cum conlento data linea
30 2234 2289 2405 et altes ducla aequale esi quod data et alia ducta, a reliqua continetur, punctum recta sinea
43 2366 667 2468 positive datum contiaget
75 2438 537 2532 refertur a pappo,
771 2277 2287 2439 propositionem ullimum lib. 1. Apollomi de locas planis, L
629 2349 2251 2496 abrasio habere + partes sed esse falsam e notat praete
41 2453 1435 2585 unum casum, anrecto spatm ravem comprehendunt datam
141 2504 2282 2637 tr Fermati cui tilutus proportionis Geometriae in quadrandis infiniti parabo
62 2568 2283 2709 lit et Hyperbolis usqu. Nempe assumit absussas progressionis Geometricae, undc et ordinalae
43 2636 2270 2777 sunt progressionis Geometricae, ergo, et rectangula sub ordinatis et elementis ab scissarium
33 2700 2165 2830 nl progr. Geometrieae. Quorum summa inveur po ex Cherremato, quod differentia temanorum
54 2745 2274 2877 promessionem constituentium est ad minore terminuim ut mnximus terminus ad reliquos ves in infiutum
54 2790 2261 2933 sed in casu byperbolae cois ubi paraltelogrammam sunt Quguatia nulla est differentia, et ideo
52 2979 156 3060 no
737 2854 2199 2969 Haec methodus videtur & in servit pro obliquis ordinalis
803 2916 2276 3024 nam si ipsae AB et Epsae BC suit progressionis Geometrila
918 2975 2268 3080 emnl et ipsae Bd progressionis Geometricae quippe eunde
933 3041 2268 3139 semper ad BC angulum habentes ergo et parallelopa
1152 3109 2217 3186 Ergo eade methovo inimpt summa. Hra
67 3143 1378 3343 ena panctoli fnes es Arxset seresantu l
850 3146 2227 3239 habenius quadrafuras fuguram quae non sunt Hyperbototu
1429 3211 1978 3352 et pllesqotn Zot
