2413 3595
461 2620 735 2708 Alitertes
431 2694 787 2780 pro parabcta:
1384 2182 1839 2274 differentias esse a
1132 1701 1270 1789 Erit
35 33 2311 185 haberi potest, nempe corvam haberi posse, cujus differentiae d abscissarum sint Elementis cuivam
41 157 615 239 rediprocee namuetum fiei
884 85 2293 221 et eris v. ad Parabolam, in qua differentia summis reciprocae. Sed
745 147 2277 289 eut etium parabola ex Hypothesi sed jam non video an haecsis
37 221 2267 379 realis questiodi curvari quaeri in equa suit differentiae absissarum curvae Elementis recipiocae
41 223 571 317 ep canca H(2) ex ipsi
37 287 2267 459 Nis Nisi s intelligas Aoscissas mutes in ordinatas.  quaereturus cnva inqua differentiae
35 397 1430 535 abscipurm sint ordinatarum sint cujuis reciprocae, id est
109 473 1394 579 quod non est in potestate si et B. constans fier enim
1977 343 2319 447 posita a constanto
1719 429 2275 519 adeoque eo eut quantitas
65 503 2275 645 e constans sivi recta  certa, r locus erii ad rectam. sed sii (3. variat. alia atque alia frei curva.
77 559 2275 719 Quaeritur ergo progressio aliqua talid, ut si munei tr abscissarum, ut ex ea calculentur
65 615 2255 786 pordenatae secundum resulam quandam funt differentiae seu Beci cd. recationis quae jubetur
107 719 1284 856 Ut st relatio inter abscistas   ordinatas quaelibet
95 818 872 924 iplarum X ad arithmelicas sit
481 896 543 952 ratus
1629 818 1699 886 et
1773 685 2265 782 er. 570. et rclatio
1799 776 1825 852 .
1837 756 2275 860 valor ipsius X ex
880 844 2319 956 tunc quaeratur diffecentia ipsius  ipsarum V. quae invemetur
125 914 2277 1044 per C. ) rursus per aaequationem posteriorem quaeratur differentia ipsarum X. quae absolute dabitur.
123 896 912 984 posteriores intemsa
127 966 2313 1112 Ergo absolute etiam dabitur differentia ipsarimm Y., quae etiam absolute dabitur exsolis
135 1032 2281 1172 Ergo ex datis y et apparebit an tates assumtae siuit b. c. d. er. et gradus
151 1092 2269 1234 emsusioneem, ut fiat quod desideratur. Interim etsi tatis curva vixo tractabilis videatur
121 1156 2343 1306 hoc tamen de ea habemus, ut si ponatur ipsa C(C).  et ipsa cumn H(1) deberat
115 1250 1566 1370 esse paubolae, ipsas A D fore etiam ad parabolam se eni m
1921 1216 2347 1314 quae est ad parabolam
115 1288 2261 1422 ut aliunde mihi notam: dabitur ergo hujus curvae Elementur Z. sed jar video me eriasse
61 1400 649 1503 non quidem in his, sed quod
89 1505 225 1599 ipsa
481 1481 759 1567 unde si
121 1543 717 1633 Curva C1C). inte rea satis
799 1376 1252 1471 posai digi sum
455 1667 812 1751 verum est esse:
163 1965 797 2057 FD ad acem aequantur ipsis
1536 1336 2261 1428 pro cuivae etenento cum sit
1386 1384 2281 1509 fiet constans. Unde haberetur rectaptro
984 1436 2283 1595 didicisse etim haec problemata valia esse, et atiquando
820 1449 1240 1537 reciprocae B, et
107 1589 832 1717 solubiliacum quaeritur retatio int
139 1695 423 1779 In omni curva
143 1759 411 1865 intervallum si
894 1543 1735 1669 differentios oedinalarum et abscissarum.
848 1637 1322 1721 a Elementum curvae:
793 1721 880 1811 sit
149 2019 1096 2121 cylindriformis in rectam, erant AF vel
1206 1837 1330 1935 sive
1562 1693 1717 1783 et fier
1823 1565 2239 1689 Et effeltangentis
1993 1797 2163 1885 id est
1216 1905 2341 2015 ad curvam. Si extendatur plunum supefci
1709 2001 2005 2079 et AN vel
2245 1999 2307 2065 quae
213 2051 2287 2174 sumi vossunt prosarbitio. Quaentur jam t quaeruntur jam D tales ut sit curva
1873 2103 1931 2155 hac
187 2121 2185 2240 H (1) parabolica, vel alia quadrabilis constat in paratiolica, cujus ordinatae V, esse
189 2208 1002 2320 adeoque fici: liqque ordinaturum
153 2300 293 2388 ergo
894 2272 1354 2376 seu set . pono data
1939 2170 2219 2284 s siet
918 2306 2301 2426 Jam video denique his nihil feri posse, nam cnidetur AN
922 2368 2305 2468 magnitudine et positione, utique dabitur ot NH magnitudine
667 2416 2359 2524 et positione ex data curvae natura data autem NII curvae de quaquaentu
621 2494 1128 2586 Dabitur loncitudo
605 2558 1176 2658 Veneralit aequato eut:
1026 2786 1078 2850 rer
1779 2582 2347 2692 posito b. esse semutatus
1873 2658 2349 2728 rectum parabolle seu
1811 2716 2383 2798 intervullum perpendicitariu
1769 2768 2359 2887 problema tergso cujus ope
409 2836 2265 2933 cujuslibet curvae dimensio haberi posset here hinc redit. Ordinatam invenire
433 2903 2371 2997 quae in summ abscissum ducta datum det valorem, sed jam video nihil hinc habe
423 2967 2357 3061 nam, scimus summai ordinatarum in suas abscipas differentius ductarum
429 3027 2325 3123 aequari semiquadrato ultimae. adeoque res iterum eo redit, ut inveniatur summa
447 3099 982 3201 Elementorum cuivae, seu
1502 3105 1715 3213 cumq
1855 3085 2287 3187 Et quoniam
