2489 3905
1655 546 1807 607 ex seu
575 796 2419 939 Odinata sit abscissa sit A dxprdinata X seu quam paulo ante appellavimo  unc appellenus X.
527 1154 624 1221 Nam
1844 1460 1987 1577 cese seu
557 1557 844 1648 seu facgndo
1009 1555 1560 1642 fet  axD ra
494 1659 1955 1776 Oportet autem _ X seu A X non esse uginorem quam e seu quania
1683 1716 2015 1802 sumta ergo
481 1948 1050 2045 FCubica, cujus aequalio est
1401 1937 1634 2026 eo seu
522 2470 865 2549 nam si _ x=
208 3421 249 3507 2
93 3573 308 3718 u si odi
78 3529 238 3625 oimsaguo
505 52 2352 180 Si grave descendat perpendimlariter sive libere quovis momento temporis
405 114 2367 249 aecqu libere, quovique momento temporis aequalis ipsi imprimitur gradus celeritatis itaque
381 613 453 692 deo
464 167 2376 303 edelita si tempora sint A, celeritates quaesitae TC 'ordinatum applicatae
486 286 2400 405 areae ATC et spatium TS percursum unitormi celeritate Te vel, A5, tempor
1108 336 2393 425 A7C accelernta deleritate inde udque cereritatem CC
1091 381 2382 481 JI pro portionalia ipsis ATC ardiuntim applicentur ad AF eri 1
551 425 2395 555 V parabola, et si quidem celerulutes et tempora. lineis aequalibus repraesententuo, et spatia
479 501 1683 635 ceterilatum aggregatis patabolaeque ordinata F applice
509 629 839 731 su Iet
462 720 540 811 sint
1731 496 1794 557 sit
1061 579 1171 635 erit
1186 557 1256 624 ea
1004 590 1766 687 spatiam, A TC erit _ bt: 2a.
1360 650 1540 739 et
2098 535 2373 603 smasus sit
1818 566 2387 661 jam Ordinatae parabolae
2128 607 2426 685 latus rectum parabola
1703 635 2258 726 raha, et cubus rectum ra
633 663 1271 781 atonntes celtatis p empe- et
553 698 2139 830 Sit alia linea quaecunque YY in qua descendat grave loco perpendicularis AX
616 746 2139 889 IX spatia descensus liberi, seu accessus ad horizoutem XP sint ut tempora
2198 674 2406 739 intus adeo
2230 731 2365 802 C
566 859 2085 997 idinata v. _ tempus insumtum  in descensu ab A uique ad Y sit C
564 989 622 1052 ta
789 961 852 1047 seu
1165 930 1681 1021 elementa Utro curvaeo seu
555 995 1486 1117 vero temporis quo libere defenderetur, seu dB
527 1091 779 1164 quia autem d
1532 1008 1599 1067 t
1000 1056 1610 1136 verit vicissim + = 2aX. et
894 1128 1017 1204 Ergo si
1169 1108 1267 1180 Aet
1620 974 1688 1036 ea
1642 1015 1742 1073 d
1584 1115 1692 1195 seu
1779 982 1890 1063 jam
2156 846 2430 926 ejusque elemer
1916 900 2406 993 sint dc.   etementa
1924 1050 2011 1104 ergo
2122 1071 2156 1151 es
2154 1071 2226 1167 u
2291 1076 2384 1141 na.
607 1154 2428 1323 jam dD elementitimatiis, quoe ca descendit in  YY. sunt ad db Elementa emporis quibus
555 1201 831 1269 porro ergo
501 1286 1054 1381 Curva descendit eg HFI XB) ut
468 1501 631 1590 . fet
989 1355 1050 1434 ::
889 1414 1074 1516 et fiet
1132 1266 1356 1358 k dc seu
1430 1327 1523 1425 in b
1618 1251 1699 1321 ad
1720 1414 1785 1518 b
1953 1234 2300 1314 Ergo erit.
1686 1553 1857 1622 Jam sit
2154 1301 2389 1403 sit jm
2068 1505 2397 1618 pet
1701 1605 2250 1672 t 1 memragumurg us
416 1722 1610 1833 iqquantitas mina hihilo su C FK qavttas impossitula
2126 1624 2436 1739 alioqui freoes
2289 1729 2376 1778 ale
477 1761 2389 1878 corpus ut linea illa idtecensusi sochooii quaesita  EY obtineatur corpus quidemex A
473 1811 2434 1935 descendere lipere usque rad E, (nun tempus motus ab A incipere supponatur) sed in E deflect
468 1876 2410 1982 versus iY atque ita lineam quaesitam ingredi linea antem EYY est pauboleides quadia
2156 1937 2300 2032 ligulli
460 1993 2389 2113 e  est hajus s larbolocidis datyo rectus hinc arbitudi Capsum Hugem
859 2058 2441 2158 est autem tempus quo con venit ab A usque ad et sempus quo nod
449 2128 1273 2249 in aeru aere vero pervenicet ab A:
1260 2212 1286 2282 +
1796 2147 2443 2251 seu tempus quo pervenitur
470 2212 2430 2377 ab A ad Y est ad compus quo pervenitur ab A ad X in sub duplicata ratione ipsius 4)
466 2247 527 2334 i
479 2284 2402 2416 sd quademplum ipsius AE ac proinde verum est quod aut Isateus si sit A2E seu d
457 2388 1050 2499 duplum ipsius AE sene f
1636 2347 2436 2453 dera nesusit etqor caeculi
1577 2405 1677 2494 dilem
2022 2410 2148 2499 copressim
488 2447 2406 2614 perro tempus totum quo grave atfertur in linea EY  non vero
969 2442 1139 2549 debet est
457 2514 2293 2674 totum tempus quo pervenit ab B usque ad Y. quia in parte qua descenderet ab A usque a
453 2627 1000 2716 locum non habercet, ut esset
1946 2581 1994 2674 sed
1460 2601 1642 2677 Est ergo
1247 2631 2447 2735 porro) grare quo tempus quo grave pervenit ab A adE
486 2679 2400 2826 est ad tempus quo pervenit ab A ad X. in subduplicata ratione AE. ad  AX.. Es At
501 2711 544 2781 sed
438 2774 1321 2896 temiu, quo grave desccuditmpono, ab E. a Y
377 2839 1354 2956 St ergo parabola cujus ordinata repraesentet
1377 2729 2445 2859 quaten esse debent ex positis, videriuns: s
1393 2805 2415 2904 cujus rectex sit A altitudo ampritudo autem
414 2859 2439 2991 seu ordinatas  repraesentet tempus quo pervenit graven exo altitudine aequali uet tudini ipsius A, sq ad
403 2920 2447 3037 quia autem ca ncdementuri linee LCis incrementiem teperporis quod est initio in E, est ad imienen
384 3019 726 3102 tam temporis
358 3052 737 3154 stancum producenda
770 2969 2295 3071 postea eandem semper ad Et partem axis rationem retiaere debet
2341 2969 2380 3050 nc
837 3006 2462 3113 recta Ged, seu quod seodem redit dicenda est recta eo, tangens pembilamin co
390 3054 2432 3178 si jam quaratur tempus insuntum Si ergo pouatur grave ex Horironte AH ad horizoitelaum E co
392 3106 2317 3228 sescondisse in recta quacunque, ut cunque inclinata; eaque ratione perrexise, los ad
379 3210 807 3306 herjon talem X a
2345 3113 2378 3193 a
967 3156 2402 3271 gensu ab  ad iersumssse tmpus repraeseritatum per fordinatam
900 3206 1100 3291 atiuliea
375 3215 2454 3353 naabolae, et in descentu ab cea intumsisse, tempus repraesentatum per X V hordinatam ejusdem
371 3288 1599 3414 Naabole tanc in descensu per Ecusa et in descent
1653 3267 2454 3360 nexmed eo ducta ecta LM (pacullela
776 3319 2460 3447 in descensto per  ex altitudne EX per celerituret honiform
373 3375 2219 3507 ibillimullam seu in planio esto velfincligato) eo quem coeperat motu in sum sisse Tempus
117 3484 672 3568 onre s Ant linea
1169 182 1228 232 tuliu
473 225 2365 364 ad rectam AF terminabuntur in rectam AC, Spatia autem percursa exunt ut
596 364 1048 459 est duplum spatii
483 431 948 518 eodem tempore percurse
481 494 522 566 A
1215 1162 1232 1238 s
783 3438 1579 3555 incipundo insumsisse tempus M.
358 3534 820 3625 portio autem EY. seu
377 3566 1063 3703 sec  seu EY est ad
1208 3534 1649 3638 in sabd plicata ratione
2313 3377 2454 3479 L. Me
2222 3434 2363 3514 d X
