1922 2265
853 1004 1092 1060 car posous
1220 1030 1891 1108 donc dans la valeur e avco
21 0 1298 67 ex reqe let des puissances et racines ne sont a est quunc meme in effect
96 45 1358 133 puissances, V egale a C, (supposant Z un certam nombre), et
60 133 474 226 hacines ou extractions
123 211 995 288 egtes des puissances et des racines, ne sogent qune
196 262 305 315 conerie
54 324 226 403 quations
27 415 95 480 soit
237 300 298 349 rat
247 347 300 388 Sa
333 276 954 337 en termes rationaux et entiers
255 376 372 419 soit a
15 483 572 552 supposant Et nons nurvas a.
1064 257 1157 329 eb
1194 226 1272 294 O
1443 33 1754 127 sera Z. co
1486 117 1864 216 guorque en effect
596 474 1755 538 b. C. 4. c lc. grandenis connues et determinees, Et non auro
1658 619 1825 663 precedentes
37 625 1864 748 elase cette regle se pent ot demonstrer et continuer a l'infini par lesregle susdit es d
47 995 95 1058 ve
124 722 601 802 multiplications, par carsi
54 1039 264 1107 pautum et
285 961 502 1023 egal a va
665 956 693 1035 3
45 1168 1019 1279 comme auparavant. Cela suffit pour grandeud
64 1307 699 1381 la ligne IF estoit une droite,
1079 765 1300 838 sera aussi
1475 851 1872 918 , par ce que
1436 971 1579 1044 sera
1767 976 1852 1029 or
1032 1143 1906 1214 liifini. Si supposare dans l eguation
786 1195 1835 1283 la tettre V estoit egale a X. c est a dire A
702 1245 1905 1346 la quelle continuee, parvenoit fus cans le po tombvit
1309 1306 1898 1372 eguation provenante
1282 1351 1455 1399 la regle
570 1347 1910 1478 douperoit la regle de Mous flusius dela Methode des cangsento
499 1419 1592 1530 est qu'on cas ou corollaire de la methode generale.
28 1443 723 1513 dectio pulliee pay mons. sliosius, la quelee
47 1483 485 1559 qui par consequent n
1248 989 1337 1049 et
1049 1103 1514 1167 trouuee nons aurous
1132 1311 1195 1353 atri
67 1326 1215 1442 dans le point A. a angle demydivit, larejle qu
74 1429 322 1481 changee en
333 1420 528 1472 analogi
1559 775 1633 825 on
852 900 1802 1010 AV. c'est a dire (aulien de Z substituant +)
683 1064 904 1132 et deo ou
32 1119 1011 1230 substituant au lien de co, et dco leur valeur
46 1263 202 1328 donuee
503 1244 547 1319 s
1048 704 1137 773 cars
1005 1177 1028 1211 a
629 1464 1792 1570 de quelte maniere quel'on voudra par des fractions et
52 1537 1816 1671 irrationelles se pourront re estre traitees de meme sans aucum calcul en supposum
23 1525 591 1613 les Eguations embarassec
120 1580 1827 1713 nominateur de la fraction, et  ex lagrandeur dont il fant firer la racine
1635 1615 1886 1679 paexemple
88 1632 1596 1776 ales a une grandeur on lettre, que l'on traitera selon les regles susdites.
211 1718 726 1812 Eela sert auss Et quam
751 1671 1890 1765 il y a des grandeure qui doinnent essre multiplices lune
62 1721 1898 1848 par l'autre, on n'a pas besoin de faire cette multiplication effectivement, ce qui opargne
98 1767 1896 1895 encor beancoup de travail. Un seut exemple suffira Lequation expliguant la nature
55 1833 1905 1963 Ar reste  cette methiode sert aupi lors que les Combes nesont pas purement analytiques, et lors que
51 1881 1869 2007 meme que leur nature n'est pas expliquee par des telles ordonnees, et de plus elle donne une
61 1923 1855 2048 cacilitet merveillense q pour les constrhictions geo metriques. Cux ra verituble raison
61 1966 1886 2103 d un abrege si mervee adminable, et qui nons fait ebiter tontes les reduction des fractions
586 2077 927 2130 quedes cne
1237 2024 1882 2102 on autres semblables que
80 2067 1906 2190 l'on pent tousjonis farre par les regles precedentes que les lettres dy, a, dco, et semblatl
144 2077 560 2153 et irrationeEie
75 2127 1894 2249 se trouuent hors  du nominateur dela fraction, et horc du vincale dela raline
