2390 3346
690 442 892 533 post
515 626 818 736 (4) et
918 2909 2129 3031 4Age CGC XB,  8BL. NG. h, et K) est autem
639 1 738 74 uucta
691 26 2358 118 Gravia A et B annexa extremis rectae rgidae pondere carentis AA
697 89 2332 185 tendunt ad punctum   quaeritur punctum puspensionis C, ut sint in aequilibrio
712 152 2315 250 ex puncto communi  ex centrog Ex puncto ad quod tendunt Hagatur
701 232 1664 321 perpendi cularis in vectem NB, nempe d
1832 211 2311 299 G voceturg ec
864 286 2354 379 hoc vocetur h, jam AG sit _ et BG sit _F et HG sit h
693 356 1497 438 et GC sit c, fet HA
1822 358 1947 442 e
1432 421 2349 507 t ex puncts (A) et (B) demittant
693 475 2300 585 in bectem priorem normales E, et (B)F. compleantur
533 540 2356 656 eliam rectangula AEG15) et (B) FG(6). Jam HA vel H(A) vocemus
877 633 1015 719 3 uet
1147 700 1192 715 s
1368 639 1590 702 et
1757 617 2297 711 CA vel GE vocemus e
554 695 2323 810 et It G vel 4(6) h. similiter HB vel A (B) sit Y et HGvetA
993 778 2354 873 v, et H GB vel GF sit _ f. et HG vel H(G) sit F
1266 873 1324 936 et
2215 856 2380 933 sed d
260 912 2334 1026 seu AE est incomparabilis ipsi dh, sinus versus recto inum anguli incomparabilas ad rectum.
401 1000 604 1085 Ergo fiet
394 1085 591 1159 du
236 1148 1114 1251 seu BF incomparabilis ipsi (B) F fiet
1279 990 1608 1076 similiter fiet
2073 985 2313 1094 seu fet
1456 1067 2336 1163 ubi cum eodem modo elidatur df
303 1219 1476 1319 et pondus in B sit m, debet esse rec
368 1416 470 1548 siet
1378 1286 1653 1377 Est autem
1794 1135 2323 1238 jam pondus in A sit I
1843 1210 2345 1306 rausus seu fiet
511 1347 2129 1468 D dM ad F dH ut seu (AE ad (B) F, ut C(A) ad C(B) seu ut
1060 1440 1569 1531 Cadeoque tandem fet lh
2218 1351 2276 1422 ad
288 1507 2226 1604 seuut fiat aequilibrium erit l pondus in A, ad m pondus in B, at
288 1600 954 1682 in ratione directa seu
280 1667 385 1777 seu
1223 1593 1670 1702 Sposilo aequilibuto-
1177 1652 2205 1754 seu pondus in A est ad pondus in B, in
284 1712 2341 1845 ratione di composita ex directa distantiarum a centro gravium  ( seu HA ad HA
312 1777 2341 1914 et composita reciproca distantiarum a centro aequilibrii C, (seu CB ad CA). jam
135 1847 2317 1974 corpore A ex C ducantur CN et Cp perpendiculares ad linets directionum HA et HP. ite
459 1940 974 2031 ad easdem normules G
146 2085 569 2158 haca dive similiter
334 2200 613 2293 Ergo e
842 2016 993 2076 Ergo
1076 1931 1467 2016 R. pumum e
2006 1897 2300 1972 et ru et
1487 1953 2295 2070 quod et initio palebat. Et
1804 2015 2237 2111 Ergo tandem
1856 2096 1949 2180 seu
1168 2148 2336 2265 seu ponera in casu aequilibrii sunt reciproce
336 2223 2328 2345 ut perpendiculares ex centro aequiliorii ad lineas directionum. Nimirum ut obiter
305 2282 2337 2396 dicam cii in triangulo ex puncto pasin dividente ductae ad latera normales sunt in ratione
327 2342 2356 2453 composita directa segmentorum, et reciproca laterum. Plallum corpus praeter sphaeram, in quo grave
301 2392 2313 2500 extra centrum terro suspensum servet egm quavi in principio habuit pbsitionem ito fermatur
323 2450 2362 2548 Eodem judicante errat lebalius putens librae lirachia, etsi non sint parat hca honqual, aequili
316 2496 2349 2604 brium tamen serrure. Ex sententia Termatis quo monius corpus p aiccedit ad centrmm ferrlae, hoc
351 2546 2337 2656 facilius collitur. posito cilicet (. Hoc etiu ex meis sequitur posita scit eadem ratiore tracriorum
379 2593 2330 2717 librae, et distantia unius ponderis a cintro, ed ta facilitates lino attollitur alterum sunt ut
325 2635 2347 2769 ut viciniae ejus respecto centri seu distantiis. recippole proportionales, rsstntiae vires extm pondeum
671 2680 2308 2795 1 Uut rem gerveraliter quaeramus setum cum puncta non comcurrunt. nags direcctiones
371 2710 2349 2849 ut sitrahant quaaevis potentiae exempli gratia chordas vel funas axabus tiavolal H etX ciicumgoluli crahant Aot
528 2766 608 2810 ne
379 2756 2243 2905 ubi sciendum a dias directiones quatuor AH, (A) (), BX et (B)() non coincidere in idem punctu
394 2819 1845 2951 pitur ex punctos concrsus ipsorum tactumm corcuti, quem vocemusH qui
409 2888 1515 2992 intervallo distans ducatur perpendicularis HG, et similiter x
325 2966 755 3037 jum ul ant sit HA, , a
1651 2881 1703 2925 mut
1878 2792 2339 2860 infinile purvo mvice
1869 2834 2328 2916 ota H, itx manebunt fixa
424 3072 876 3128 num unt seu seca ad _B H
1117 3087 1380 3148 Et eodem modo
1450 3009 2336 3100 jam ob tiangula ductis (N et CP normalibus in HA et X
297 3111 1833 3206 sunt in comporit ratione ipprum ponderum et nermalium. in lineas directiones. Eadem demiostratio
271 3178 833 3267 puncta fixa, sed ipsa durane oto n
2025 2884 2198 2944 CArt
306 2976 1969 3117 2t Cu (Ah) ad Ex (seu ( 8) F) ut CA d CB. sem ut jum viers st fincta et n in do. Ergo Byda ada
258 3082 394 3150 vire pors
358 3124 373 3169 n
956 3165 1056 3214 llam
1069 3160 1378 3210 im moniem punctu
915 3187 1181 3273 uto. sed hicu noc
1275 3187 1396 3271 rocu
1474 3147 1778 3195 A. doaeru directiomn
1491 3184 1512 3266 u
1649 3180 1718 3208 ane
2099 3044 2350 3108 seu bives pondere
1971 3102 2125 3180 etadem eri
1878 3161 2016 3212 ereat
1506 3163 2168 3271 ndum punctor directione parallela
2241 3080 2310 3128 seu
2198 3111 2341 3161 tiocinam
2192 3148 2341 3201 menda
2272 3184 2304 3258 is
92 639 470 719 mua et rolabils
102 708 202 777 rabu
228 700 461 775 rem ad mea
107 749 260 817 methodu
106 803 223 858 revoca
280 732 479 812 tangentium
85 786 933 892 eidem quantitas simuliter HB vel H(B).
91 862 278 923 hic divirsam
74 879 738 966 ericumm fiet aae
139 959 206 1048 nin
55 1628 152 1706 Calc
117 1871 293 1935 dato penct
148 1955 282 2000 ad canter
156 1985 305 2031 terra ten
158 2015 306 2059 dente, qu
165 2042 292 2085 ritua
165 2070 247 2134 quaese
161 2137 267 2187 tionis
107 2158 288 2219 BC seu ato
72 2199 314 2262 punctu susten
65 2241 260 2286 rationis C
46 2273 92 2318 virs
117 2269 262 2316 si ponau
40 2282 293 2358 triangulum scalen
42 2334 286 2399 ut lujslatera 3.4. 3
