1680 3109
579 124 1069 212 De Horologiis
1147 94 1600 198 pinduis non
430 183 1593 321 tam aequalibus quam creduntur
191 317 1614 461 Cum nuper Horologia pendula diligentius con
999 402 1113 469 foto
176 402 1629 545 siderassem a cl. Hugeniae asseri animadver-
179 476 1581 647 tissem, tantam esse eorum aequalitatem, ut
188 566 1584 715 vel recte metempus metiantur, vel omnino non
169 623 1631 791 metiantur; ita, ut jactatio navis proinde non nocet
184 711 1621 870 mode motis interruptus servetur; hoc quia mihi
537 746 566 797 in
181 784 1622 962 permirum videbatur, quaesivi an alicubi demon–
176 853 1581 1034 strasset, cumque nuspiam ab eo id probari viderem
981 956 1069 1017 sane
160 946 1626 1105 magnus enim pulcherrimarum demonstrationum
171 1022 1628 1191 apparalus tantum oscillationum spoutanearum
155 1084 1624 1276 a sola despendentis gravitate ortarum isochro
160 1172 1612 1343 nisimum probat ostendit; in rem hanc inquisivi
1126 1255 1258 1321 iptap
179 1276 1598 1438 ailigoem curatius, tandemue aliud (dicendum
176 1412 511 1525 deprehendi
420 1355 1628 1559 ponamus Pendulum ex aliquo puncto ut A libere
146 1468 1628 1649 solosuo poudo demissum aliqueot oscillationes aliquot pera
153 1613 672 1742 gere, ers ut AD,
734 1552 1640 1699 BE, easque esse aars conce
162 1620 1621 1818 damus (ob yelvides esse isochronas, nulla resistentiae
176 1706 1631 1884 aeris panctra erga pehetrationem, aut fili contra
176 1822 1591 1988 flexionem, aut axis contra gyrationem vie
160 1874 1617 2062 in polis, habitaratione, modo vi solius gravitatis
159 1951 1639 2134 moveatur. Nunc vero ponamus pendulum ex puncto
174 2027 1638 2216 A initio libere demissum vi solius quidem gravitati
169 2114 1629 2290 moveri caute coepisse, sed durantibus oscillationibus
1142 2184 1270 2250 ncibe
1341 2184 1401 2262 si
159 2221 1595 2385 cum ex B nisu gravitatis descendere pervenisset in C
162 2274 1637 2450 ibi accipere ictum a robahorologii, mao ac proinde major
162 2350 1617 2532 celeritate descensum continuare quam alias fecisset
145 2428 1605 2611 eoque motu non excurrere tantum usque ad E, sed altius
148 2571 660 2694 adhuc usque ad G.
834 2511 1588 2647 Porro da impetus a rota
152 2592 1590 2773 impressus non sit nimius (quod utique caveri potest ac
502 2708 703 2787 assumi Pot
1242 2665 1619 2775 talis, ut pen
164 2710 1211 2851 debet) tunc utique alia oscillatio FC
172 2739 1621 2919 dulum ex puncto  (recte ad hoc assumto) demissum,
167 2824 1600 2984 hibere nisu gravitatis eandem colleqipsit celeritatem,
184 2889 1572 3052 ubi venasset in quam nunc ibi acquisivit partina
