2153 2506
764 193 797 232 ei
692 250 1641 341 occarisime et doodipine
413 806 953 886 le accepiquae
974 793 1448 886 resiti, et quam
1469 808 1893 884 bonum nomen
343 891 1128 981 fueris, ut par est, agnosco–
1178 895 1871 981 Gratias officcum facienti
342 971 608 1056 non debes
948 964 1907 1063 Dn. 200 ficis mihi Berolini cocntus
337 1039 1930 1159 est, professionis dignitatem Halae nactus est, non dubito
332 1133 1909 1244 etiam emolumenta accessura. Erat cum eo juveis
338 1201 1891 1326 ecuditus silesius, Mathematici studii non ex pors
1601 1279 1676 1342 s
367 1301 1859 1432 Spero hiptiensem Academiam naulatim
323 1382 1905 1510 ad pistinam statum redituram; etsi urbi et studiis
346 1468 1875 1589 illic vulnus non facile sanabile fuisse inflictum
328 1570 866 1690 satis appareat.
487 1628 1924 1762 acce quid a lE petam, si vacat. Reverendissimus
374 1726 1888 1841 Megeris Theologus svediae Regis per hermaniam
370 1787 1885 1921 primarius a me accepit librum Mamescriptum A. P.
376 1855 1870 1989 Longi lle longregutione Dratorii parisina, in quo
371 1924 1850 2071 contineatur Calalogus interpretum scripture sacia
360 1996 1860 2132 Germanorum similem confecit pro aliis nationibres.
392 2082 1910 2217 fune in Germaniam misit, ut suppleretur et corpige
415 2209 626 2288 etur.
703 2137 1857 2269 id dn. Mayerus int se susceperat, seid
1343 2215 1371 2273 b
