1932 2419
344 123 1785 258 Vil Muxime Reverende & celeberrime tantor Honoratissime
200 387 1828 542 gratias ego quod res ncecas acceptae a du (athusem pecunia qua licuit masto
208 447 1797 602 erit corrogari aliquando Rectaegorum nsstrorum sententias contra du. Buddeum
200 528 1384 670 me parum apte aggredientem eaque in re favere utuiter poteris.
275 540 1790 713 Recensionem luani TReodicaea meae opfussem videre crulequam ederetur. Nam cum
190 584 1810 761 Gallica biaqua interdum difficultatis nonm hil injiciat eis, qui magnum admodum esus usum non
1226 680 1735 778 etereor, ne dun addis, cG
207 631 1800 823 habent fieri potest, ut quaedam sinistre accistiantur, quod etiam in aliis expertus sum
1447 725 1780 794 ecede videntur
193 745 1043 881 forbus ubi necum contulere sublatus est sergatilut.
1045 757 1394 834 urtrae doctrina
200 804 1035 932 ua nor facere, quae a communi Ecclesiode
200 779 1820 993 suspicionem se trribus nescrocuius heterodoxias inpcias. Nam si la, qui amieus es
802 907 873 944 ostrae
197 823 1816 1041 cyposcis recedentia a conguunipecilesici doctrina inesse; alius minus amicus credet
669 963 717 1010 suste
192 870 1759 1107 labesse errores periculosos. prefeteet tantum dici, leon omnia in libro contenta
203 903 1793 1162 tua facere: neu enim revera quicquam inesse puto, quod recedat a nostus librit
963 1037 1772 1163 fortasse enim siuptolum hunc eximam.
200 955 1797 1216 ymbolicis, quibus continefar communis Ecdlesiatum nostrarum, doctina. Quodsi
201 1197 376 1284 quid tale
403 1123 929 1252 inesse putat valica quaesa
1021 1115 1782 1248 immunisententia dictorum recereo, etsi
217 1068 1827 1315 quod si ram cdidisti hoc monitum (quod non spero) eut aliqua opus declaratione
832 1225 1157 1284 sum a cos.
949 1161 1763 1314 Eclesiae. Ea Hoc facio in dochina de
235 1252 808 1385 ne lu pejus crecipiatur. po
215 1288 908 1427 non recedam a communi decin
1591 1325 1785 1394 incidi in
1234 1347 1578 1460 scripsit. Nuper
220 1214 1794 1499 Angllis, quos quidem sporitus esse statuo,  osts, sed semper corpora
1511 1378 1797 1468 praesertumqua
229 1480 401 1549 Indutos
418 1321 1403 1525 et si minus facis iisdem affivas qam sunt animae nostrae.
762 1403 1224 1518 Coschem junior, libi
1204 1416 1509 1509 in iis contentau
1457 1462 1474 1505 e
305 1483 747 1597 perplacent quae di-
1614 1493 1785 1583 it ut
64 1474 1201 1670 doctisimas ejus praenotiones Theologicas X video pleraque
825 1616 883 1662 ead
1009 1533 1542 1671 pleraque a mereprehendi
239 1436 1817 1712 sectant ad negotium Theveicaeae caetera erum non satis actuc libarelicuits
1387 1561 1782 1695 ipsius audabilibus
231 1640 973 1753 is convenite, et quae cib ilo etiam
1620 1639 1817 1712 sententias
215 1726 307 1775 merd
1609 1687 1722 1745 uitesus
225 1635 1368 1822 opus prum in plurimis adde videatur respondere
700 1747 799 1796 ca veri
215 1677 1618 1888 desideratis, dum optat ne per novas recentiorum philosa phiorum
209 1726 1800 1936 puriori Theologia libes inferatur. Ego certe multa emendavi quae Male
229 1768 1820 2007 brancitas, hockius, clericus, poiretus, et similes minus probunda attulere
1024 1862 1613 1990 Hanoveres 16 Oclobi. 1712
198 1933 996 2088 Quod superest valet fave. dabam
1094 1983 1371 2083 reditissimut
237 2054 303 2119 p. s.
77 2053 779 2166 primum annum Aulae librariae lipsiensis
60 2103 898 2217 punificentia editorum olim accepi. eundem favorem
1216 2101 1579 2216 1. G. iontius
69 2147 923 2260 imposterum spero conaborus demereri. Tut
67 2190 1009 2336 replerjanctm indictam avide ex pecto editione
1727 87 1780 142 2
