2500 3880
38 456 1076 547 sicrescentibus ordinatis crescunt ipsa earum incrementa vel
62 510 1063 599 differentiae de seusi positis anaffirmativis, etiam
49 564 1117 672 nar dferentlo differentiarum sunt affirmutivae,
47 633 1134 724 tnegativis negativee, curvaaxi obvertit conca
53 687 1130 778 italem alias convexitatem; ubi vero est maximum
56 741 1117 819 vel minimum iverementum, vel ubi incrementa
73 773 1184 870 ex decrescentibus fiunt crescentia vel contra ibi est
47 821 1199 933 punctum flexus contrarus, et concavitas atque convexisis
47 873 1162 978 inter se peruntantur, modo non et ardinptae ibi
30 918 1177 1043 excrescentibus fiant decrescentes vel contraitunqe enim
32 959 1113 1101 concavitas anl corvexites  quas socabimus
43 1041 1102 1148 maneret, ut autem crementa continuent crefere
60 1090 1125 1198 aut decrescere, ordinatae vero ex crescentibus
79 1144 1106 1256 frant decrescento, vel contra fieri non
105 1204 1091 1304 potest. itaque punctum flexus contrarii
64 1252 1162 1358 locumhabet, quando neque v neq du existente o
84 1312 1158 1409 tamen ddo esto unde etiam problema flexus
60 1355 1141 1452 contrari non duas it problema maximae, sed
62 1407 660 1495 tres haliit radices aequales
53 1444 679 1547 atue haec omnin quideme pendent
62 1515 455 1584 a ipro usu sigitorus
166 1539 468 1623 ad cara
148 1554 716 1687 inter Interdum autem
71 1616 726 1739 ad hibentur signa ambigna
66 1674 582 1790 ut iuper indivisione
806 156 1156 252 si 5 firmedioru
858 234 1165 308 sjaneg. et
1279 25 2428 144 Data sint duo puncta EtE et recta s
1253 99 2415 219 in eodem cum ipsis plan, quaeritur punctum
1233 174 2456 291 in recta Sita sumendum, ut junctis CF, FE. sit
1238 247 2465 375 aggregatum rectangulorum et in datam R, et
1244 312 2469 435 FE in datam r omnium possibilium minimum
1207 398 1587 534 tafoc estt
1376 439 1684 513 a paxte erin
1617 375 2454 480 repraesentet densiatem medu
1244 433 2474 573 ic et sepaitricem 5, et r densita
1244 500 2474 638 tem medii inter et s, quaeritur punctum
1555 521 1594 579 a
1253 566 2469 702 F tale, ut via a Cad E per F sit omniu
1261 633 2469 765 possibilium facillima. ponamus omnia esta
1285 700 2469 832 rectangulorum aggregata possivilia, vel omnes
1255 752 2465 892 possibiles viarum possibilium facilitates
1259 821 2478 950 difficultates, repraesentari per ipsas kVcurva
1266 888 2471 1026 VV ordinatas ad rectam E k, quaerique minim a
1242 948 2448 1084 NMe Quia dantur puncta C et E dabuntur et
1230 995 2454 1157 perpendculares rectae perpendiculares ad ss,
1228 1064 2454 1215 nempe CP (quam vocabimus C) et Cds
1261 1142 2478 1282 quam e) et praeterea Pg (quam p.) ipsam
1246 1217 2452 1347 autem 3F voculimus Quae sit aqualis ipsi GN,
1270 1280 2467 1416 (vel A X) vocabimus X. et CF, F. et
1294 1383 2450 1506 ErF; g. fiet faequ. cc + pD- 2PX + Xx
1257 1508 2476 1674 eo aequ. hs + rg Ergo deoaequ has irdgs
1259 1653 2435 1789 et seu faequ  Al et g aequ Vm.
1270 1808 1706 1937 de aequi h A
1276 2110 2435 2228 est 2X dx. Et quia incasu maximo est
1276 2164 2437 2289 du minimae est deo aequ.o. fieti
1279 2213 2413 2360 + R Ahpf1X: f aequ. rX: m. quod
1265 2289 2418 2417 si jam ponantur F et in seu CF et FE
1271 2334 2465 2496 aequales quia eadem manes refractio in F
1276 2399 2452 2552 qvantacunque posnatur longitado rectae eF
1289 2470 2454 2610 fiet h aqu rx. seu h: Y:: X: E
1300 2537 2331 2679 seu h ad  sunt elae  ut gF ad Fp,
1272 2588 2465 2735 hoc est densitatesmed sinus angulorum
1270 2677 2144 2797 incidentiae et refractionis F
2238 2649 2433 2767 2F, M
1266 2726 2465 2849 erunt reciproce ut densitates mediorum
1300 2774 2456 2927 Yet h in quibus fit incidentia et refra
1300 2841 2476 2989 ctio. Quam propositionem quodi f et
1279 2948 2469 3110 fiet s ad Y ut ratio X ad m est ad rationem
2195 3015 2469 3073 atio
1305 3043 1926 3144 ut habetur demonstrat
1271 3056 2465 3188 nsalibi a nobis pcum redale opticae
1285 3123 2478 3254 dio catoptricae ea dioptricae principium expo
1270 3170 2476 3308 nebamus quemcum alii multis ambagibus venati
1285 3229 2471 3358 sunt; quod hujus calculi peritus tribus litieis peis
1283 3278 2446 3410 imposterum praestabit. Quod exemplo docebo
1274 3319 2467 3472 sit culvat 33. talis naturae, ut a puncto ejus quocum
1296 3373 2465 3513 ut 3 ductae sex recto ad seps sium 392536137
1292 3442 2357 3569 3 ad sex puncta fixa 4, 5, 617, 8,g. sex Tella
1288 3530 2448 3681 datae g aequales, sit axis 1I4526189. et 12
1292 3476 2418 3625 34, 35, 36, 37, 3839 simul additae sint triper rectae
1280 3580 2465 3737 abscissa sitfx, 23 ordinata fit quaeritur tan
1285 3642 2450 3785 gens 37, dio fore T2 ad 27, ut 2 +B+
1285 3714 2126 3860 +22+ 23 +. 23 est ad 281
1257 1642 1337 1733 se
1259 1467 2277 1575 et 9 aequ. S ee + xx et erit
1445 1590 2370 1722 pro ccopp-2px + xx scribamus L,
1276 1713 2426 1853 fiet congo hHl + VSm. Ergo erit
1867 1793 2236 1892 sid s
1647 1896 1796 1959 A
1928 1864 2055 1952 ran
1225 1892 2426 2030 dc aequ-h al:sldm: 2 sm. per
1248 1970 2463 2088 regulos calculi nostri  est ondeu al seu dccrppipxi
1229 2045 2437 2164 esaequ a -2p dx + 2 x dx, et dm seu d ec + Xx
1286 2903 2411 3047 n considerentur t in equales tave
1626 3791 1652 3847 3
1486 3798 1535 3869 38
1738 3798 1766 3877 b
1930 3791 2407 3877 +28 29. Eadem
1859 3828 1906 3877 2
2172 3705 2364 3806 28 E
2372 3726 2450 3800 25
1850 3780 1924 3845 36
1967 3772 2124 3843 37 38
547 2025 1169 2131 Tubi ipsi dm praefigitur
578 2144 1245 2241 c.qua discentibus x lerescunt
578 2196 1160 2306 ipsae Xn at decrescunt
578 2256 1117 2373 ipsae d seu EF, et
593 2317 1147 2437 decrescunt ipsae ie seu
565 2077 1240 2181 dignum +, ipsi al signum
183 2412 836 2481 Chaec accommodentur ar
256 2481 709 2580 diopericamet
159 2571 1180 2679 Hoc in liais ita geon ce enuntiari
196 2597 1164 2733 potest, quae rantur eb linneae rectae
90 2647 1229 2789 quae sint quar respective quartapro portionales
237 2709 1119 2838 sis 2 ad 25.D a ut 73 ad 34,
62 2754 1113 2901 b et 33 ad 35, C ut 2 ad 36, d ut 23 ad
71 2815 1184 2957 C ut 23 ad 38, fut 23 ad 39; vero ut 24 ad
73 2881 1052 3013 Kut 25 ad 35, 1R ut 26 ad 36. Hit 27 a
60 2968 435 3069 m ut 28 ad 38
56 2969 1349 3132 F2 ad 23 ut la+b+c+d+e+f ad-h-keliunexm
444 2907 1160 3050 ut 29 ad 39 et fiet
939 2431 1246 2500 sunitam quand
916 2472 1242 2573 aciustantem ru
970 2511 1145 2579 unqu
414 3102 944 3218 Calculi alibi a nobis
459 3168 921 3265 in his ipsis Actis
491 3229 713 3346 exhibiti
982 3130 1193 3222 calculi
1129 3603 1293 3690 asfacilitas
1166 3660 1290 3746 sit
819 3290 1210 3392 secundum dmnis con
1089 3326 1216 3390 ossibile
832 3349 1050 3420 binationes
1091 3369 1238 3431 lisco
897 3388 1015 3457 ex rec
868 3405 1244 3490 sita data
1128 3451 1251 3517 quaidet
929 3470 1069 3522 s
1207 3509 1266 3623 hud
1121 3615 1165 3648 s
38 3466 409 3537 demqus foret calculu
509 3486 1067 3580 sublatis Irrationalibus
58 3507 403 3582 si ndb recta
849 3522 994 3599 vibus oibus
58 3552 381 3619 ad puncta fix
49 3571 440 3662 ductae non siplici
49 3563 1145 3707 sed prius in data ratione multiplicata inunum est
43 3662 297 3754 laggregand
1209 3573 1246 3602 es
201 3653 1113 3787 sed derem vel pluro puncto fixa
185 3716 1067 3832 supponerentur.  secundum
282 3772 1013 3877 peethodos langentum editas
908 3873 927 3877 s
675 1430 1035 1530 FFP, P.X et
