2370 3523
114 46 1754 142 dsateria contemphationis novae de Centris gravitatis, hoc modo:
571 107 2264 199 yymento AECD in Ila in  la infinita AEC AC F ecca resoluto. Inveniati
601 168 1449 244 ujuslibet ex his Tlis centrum gravi talis
1494 164 2295 268 quod facile est cum semper centrum
622 221 2221 309 gravitatis Altitudnis parte distet a basi. Ergo cumque via centri
662 283 2295 377 gravitatis in distanti am ub axe ducta. Nem ducta aequetur revolutur
681 342 2275 440 ljus, e ipsa auter GH in infantescia, a inficulesimas axis
652 407 2270 493 aequentur duplo Flo, patet et ipsas AG in ipsas antius rravitut rs ipsarum
332 518 1978 614 mius methodo ope multa satim invenni possunt dupliciter: primum
636 463 2305 559 Tlorum AEC distantias ab axe distantias ductis promento segnaenti ex abe aequari
1986 528 2309 622 simendo fignra
323 577 2183 655 generalem, ex calcilondo  indeterminate, eumque deinde ita explicando, ut que centrorum
334 628 2309 716 facilis habentur inventio, ita delegentur figu momenta spaturum aliter ifficilium
323 681 2038 761 dende sumendo si commani more per ordratas quaererentuo: Deinde contra
2144 696 2303 780 efrgu
266 724 2097 816 Viarum communi more facile habentur opiuta. hac methodo tractentus
2133 737 2285 816 veniesu
272 775 2315 872 udcurvas quasdom valde iimplicatas quarum semper dimensio habetutur exfaciliori
303 839 2211 937 ne hic Methodum notaerlem per qu Regulaus notabilerus cuju op
262 902 2221 1011 ex qualites  Methodo utcunque implicata semper utilia eruuntur
104 964 2262 1082 Utile est saepe quando alte assurgunt  problematu, quae sua natura simplicia
107 1029 2313 1150 esse et ut alimode solubilia scimus, ita enim multos detegent cusue notaliles rhve
152 1092 1784 1211 quae Tschimhausius annotilis de tangentibus li nec Hastariae.
188 1141 2279 1270 In problematis, regutaribus, uae recta tractari aut ad aequationem un incogue
101 1207 2270 1336 patis determinatam revocare possumus quia scilicet faciendum aliquid inverse nble est
83 1270 2293 1383 e est plares vias inter se conferres quartu producta coincidere debent Hocvides
94 1326 1410 1433 se ad mechodu longentium unversam. Eud splimen
329 1415 859 1509 quaerim figua in qua
904 1364 2262 1489 B ipsis  recipiorae. sit TBd. erit AFП, -
942 1430 1927 1550 multiplicetur in L. fei L Y. TBP +a
1022 1524 2201 1626 fer : tae +y -Xy. Jm et Fp x y. ergo
726 1583 1600 1677 id est eut momentum ex ae vertice
356 1687 466 1794 Ergo
530 1649 1848 1761 omn +p, momento ex vertice A, omnium ipsorum it
787 1724 1173 1808 Aliudde omnes
824 1769 1200 1857 TC. ad curvas
1341 1736 1833 1843 ad axem aa
1723 1759 2203 1869 autur omnibus
428 1849 873 1965 C. erit con
1598 1875 1704 1974 Jam
1745 1855 1911 1970 omcc
234 2008 360 2098 ergo.
303 2088 393 2201 Ergo
1600 2123 2005 2219 condy. Ergo.
319 2329 464 2435 Eiqo
852 2346 2322 2440 et si jau ponamus ipsas y propessionis  arithmeticus
759 2415 1782 2509 emntipse dyronstantes, et (3 variarbiles, et frei.
346 2601 712 2685 Gin ob aeq. O
452 2659 726 2724 rem indepeidentes
765 2618 840 2697 est
133 2693 775 2779 tequationes habuimus primom
295 2841 370 2904 ut
750 2867 883 2941 sive
383 3004 2199 3104 commune est sed nihil ex eo novi ducetur, quia ja adhifecim. Sed ex alio principio novum
663 2928 750 3047 Ergo
942 2961 2234 3066 1axy-xdg. Quod Theorema sane gencubile omnibus curvis
356 3055 2238 3162 habebimms ricoramas, quia scili habetur summa omnina BP r BC. scilicet: b1 a . et +x B7 axu
292 3110 368 3178 et
526 3131 2283 3227 V-ayx H 2 pxHabemus ergo duas aequationes in quibus reperitur dx
278 3184 2336 3268 scilicet primam et tertiam, quatum ope tollendo dx. habebimus aequationem, in qua una tantum aequ
303 3229 2283 3321 in cognitarum in vinculo remanebit, quo facto habetrum quaetitum nimorum ex ag. 1. erat aX dy
2211 3309 2324 3364 quet
240 3327 2326 3419 tio nem inter duos ipsius atx valores, in qua non nisi H. in vinenles quo cea sumendo y Arithmotice propor horuale
475 1555 515 1618 t
540 1593 605 1681 7
470 1602 519 1708 x
503 1462 922 1563 et erit BP, a
852 1540 969 1602 12X
381 1738 562 1845 FП
376 1804 734 1880 X a+y a-V
340 1888 393 1970 M
440 1937 499 1998 eo
1247 1816 1521 1914 3a292.
916 1835 985 1974 B
1045 1955 1190 2031 a²
1316 1929 1347 2002 ex
452 1990 932 2117 Bax Ay pno
2001 1454 2244 1536 ata + d
2178 1485 2299 1577 t-x
474 2102 685 2196 dee
801 2078 995 2172 6a- c
1018 2127 1300 2209 Vx -sy
816 2182 881 2244 y
912 2135 967 2227 s
376 2221 975 2338 dy П Ba- . et Xy
1010 2039 1177 2123 CoXxFI
1247 2004 1404 2154 Bau ro
1807 1587 1956 1710 a²2y
495 2340 640 2493 corous
1012 2219 1100 2303 Ba
1306 2227 1451 2333 syle
1067 2284 1192 2383 Ey nad
413 2477 507 2605 Bn
575 2468 850 2562 SVB +B2 V
624 2548 885 2622 y2
1488 2010 1682 2135 et Scox
1815 2043 2044 2133 YXx
2142 2068 2199 2170 se
1590 2197 1917 2336 P+ Ba
1002 2487 1306 2575 d Ba qП ∞
1374 2495 1400 2585 b
1451 2515 1621 2636 e aB
928 2597 1470 2706 B. a- BV П dyx Ergo
2103 1880 2272 1996 cop
282 2755 871 2865 alteram dyx  e arae
830 2671 940 2745 dx
1049 2679 1179 2775 de yx
1065 2757 1239 2832 aty, a-y
411 2830 485 2949 r
589 2845 658 2961 n
542 2908 603 2978 beo
1502 2616 2068 2730 (3 ae.  4 ya qua si mulli
944 2863 1574 2976 xfo П dry. at T +
949 2924 1147 3000 +ay + x ay
814 2955 875 3051 ax
899 2789 2185 2896 quaeramu nohus altias, ut S A YПSydx. sio hoc nihis praebet novi
383 3108 577 3186 BPg a
1371 2704 1856 2785 alteram, E drcc
1921 2724 2089 2826 Ex ty
1962 2423 2330 2526 C 7B+ Ba.
2125 2522 2336 2626 yB+c-
2050 2661 2328 2744 elicentur in V.
2113 2607 2183 2687 3
293 3264 2279 3378 et nunc g ex 3 erit dX ydy- dy aDx paea y. Ergo d X П 2a dy + d V dy X. Habemu a-y
1621 2877 2183 2974 . Ergo  hoc p dKy -XF
148 3370 2330 3477 tier dyn 8B constans, et dy ,, 2a  Z. et s2 nL B s. Egc2П 2+ V.  dyc. Hatemus Ergo quaesitum vete.
