2474 4092
613 648 720 711 seriet
184 704 716 772 Leum sculicet per ferrem
47 736 775 841 terminum figurae aliqua intelli
252 800 691 870 una linea terminata
40 836 786 934 lineae confinntelligitu scentes vel
36 893 829 1000 perminima crescentes vel decre
81 970 661 1064 scnts intlligantur.
830 72 2337 202 differentias exponat, et tali modo, respondentes respondend
852 161 1300 270 inter se jungat.
1357 140 2421 254 Mulhalicatio simplex d X y aequ. X dx+
866 213 2423 338 seu xy aequ xax+ sydy.  Est id ipsum quod supm dixemus
877 279 2430 402 figuram cum sia i sur complementi aequari rectangulo circumscripto
870 327 2448 459 Excalculo ita demonstratir: _ dxy idem est quod differem
868 406 2455 534 tin duorum Xy sibi propinquorum quorum unum esto XV, altem
864 611 2435 752 et omissa quantifale dX dy, quae infinite parva est respectu
870 672 2451 811 veliquorum, posito dx et du esse infinite parvas prodibit xdytyd
850 729 2444 882 pigna tamen variantur, prout X et is siunl crescunt, vel uno crescent
898 788 2448 934 alterum de crescit, quod notandum. Divisio simplex aqui
889 922 1466 1041 d3 aqu
1703 966 2437 1098 s nt
868 1102 2451 1211 ubi pro XX + X dx scribendo Xx quia omitii potest x dx tanqua
861 1150 2455 1282 infinite parvum respectu ipsius x fit:  Xaxd
911 1227 2401 1336 xdy =ydx et quidem si esset y aequ aa. foret dus
893 1350 1671 1466 Tangente Hyperbolae usi sumu X
1750 1343 2451 1448 Hinc ex siis jam faelle posse
866 1400 2448 1534 quivis calculo ducere poterit multiplicationem divisionem
900 1475 2439 1589 compositam, fiet  ita d Xyv. erit Xy du + XVdy+
603 1648 1102 1793 ex srocidenti nam yt
859 1736 2423 1875 et pro dx seu dEo ponendo 1 Xdv + y dx per superiora,
877 1809 2451 1939 habebitur quod diximus. Sequantur potentiae: dx aequadue
864 1889 2446 2009 nam nare pro et dx aequ 3xx dx  Nam ponendo, xg
870 1952 2446 2071 pV aequ x, et V aequ. x. pro dXx poterit scribi
875 2018 2442 2143 dX. jum A x hoc est (per superiora) aedu +y dx hnc
654 2136 789 2221 seu
870 2073 2442 2198 si X aequ is, et per con sequens dxaegu dy) 2X dx. simi–
884 2214 2437 2348 + XVdy + yv dx seu x et v ponendo X et pro dy
889 2300 1862 2416 et du poncndo dx) 3xx dx.
1878 2275 2433 2393 2 E. D. Eodem
868 2361 2451 2484 modo in genere d X, erit aegu. C. X, dx. Quemadm
877 2437 2442 2566 dum ex dictus non difficulter demonstratur Hinc porro d aequ
1769 2532 2446 2652 Nam si  aequ X erit
909 2632 1473 2755 C aequ-h. unde qe
1516 2605 2437 2741 aequ , ut notum est naturas
898 2684 2383 2830 exponentium in progressione geometrica intelligenti. Atg
893 2759 2435 2882 hoc pro fractis idem procedit am irrationalibus seu Radicibus.
884 2880 1266 3012 eex
2146 2843 2426 2975 (per h.r
891 2934 2423 3087 intelligo h seu h divis. per 2) seu d X, (posito e equ L)
905 3023 2433 3157 seu e. x. dx per supra dicta. et prod seu (pro
541 3271 816 3373 non tantum
879 3262 2430 3375 omnium parabolocidum et Hyperboloeidum 1 angentes, qua
441 3382 859 3544 Ex his vicissim
884 3325 2421 3444 draturae contrnentur. sed et alia omnia, Ex his ducuntur
920 3403 1414 3516 quadraturae eamu
1441 3398 1935 3500 sit ex Nams
1348 3500 1393 3578 et
1650 3478 1996 3594 ax, aequ.-
879 3610 1025 3719 deiqu
1775 3612 2287 3730 X adx, aequ. ta
1594 3696 2428 3810 Atque haec sunt Calculi differentis
927 3769 2423 3891 lis vel summatorii Elementa secundum quem etiam
900 3826 2428 3953 formulae maxime compositae tractari possuntshantum pro tracta
1232 3932 2251 4025 2 est Xos y, vel aliusprminum latur
875 541 2458 679 + X dy + y dx + dx dy lys. et destructis destruendis
879 991 1678 1134 nam d Z aqua t 4. + dX
1537 1057 1951 1145 X+ dx - Ex
889 470 2398 609 X+ dx in y +dys fcter   agX + dx un y + dy xy seu
1380 884 1641 966 n dx
1177 1625 1243 1732 ps
991 1286 2387 1386 ex unde fieret dadx quo valore paulo ante pro
900 1529 2444 1666 ita d  = erit: xody yodz-y7do. quod demonstratur
1682 877 2446 1013 d 2 aequadaea yd
841 1645 2385 1807 ex d. p aequ. xdy ydx E pro X pon cndo ZV,
2132 1063 2403 1138 Xx F x dx
879 2127 2451 2273 liter pro dx scribet Xy V, hoc est (per superiora) xyd
909 2525 1237 2618 ee
1218 2525 1271 2614 n
1491 2505 1584 2575 Eda
1384 2559 1539 2634 --
1507 2543 1664 2675 gh
1312 2853 1714 3003 Ad VX
2073 2816 2103 2905 t
1734 2857 2035 2968 equ d X
898 3094 2380 3225 e reddendo Ah:r _ et pro X C- 1, h-r : Y) h Y hax: 1
886 3187 2355 3305 quod proinde erit aequ. d  X, In his victite
900 3485 1118 3591 e. 2
2137 3157 2264 3225 d
2353 3139 2437 3225 d
1114 3566 1239 3678 et I,
1546 3480 1625 3557 1
1475 3523 1594 3625 ex
1259 3696 1325 3789 ha
795 3698 1096 3835 Y E.
1175 3730 1264 3823 a
789 3801 886 3894 t
1071 3596 1632 3735 et se, et
2041 3405 2423 3525 X.dx, aequa
1944 3519 2221 3650 C.1. Xe=
331 1100 634 1211 seu xdu-yux
413 1163 609 1257 xxtxaxs
627 1109 795 1188 dus
611 1161 800 1278 betax
