1924 2271
1095 25 1443 83 jay trouue mogen
141 76 789 152 indeterminees sont comprises
813 59 1882 137 Cependant il ya mogeu d'eviter ces reductions
1490 108 1514 160 d
25 133 1865 235 autiles qui  forut grossir le calcul horriblement et, qui nons obligent a monter q des
1588 169 1877 213 Es bier dota poine
876 182 1208 246 il fant, Mercher
150 191 1844 295 dimensions tres hantes donqque eti est oblige parapres de chercher ta depresion
25 253 1012 334 en lieo qudeu tout se trouue fait degile premder conpo
150 258 1862 363 celle Methode a autuntalis avuntage cur toutes celles qui eut este publicesa
70 299 1665 403 paret qu'autes chose est de donum unpluple hibrere de caliu antit hose est pettaniher  le venoctrons et dseppessions
166 319 1898 439 celle dechoris. Slusius a tur es autres. (se tamne a propos de la publier a capt
1876 408 1893 468 g
174 373 1846 504 de sugrande etendae lagrande etendue de cette matiere que divus. dessa
191 435 1859 565 cuus meme j a juge estre ta plus utile partic de la Geometrie, et
172 489 1876 633 dont il souhaitte  le plus de vemir a bout. Mais pour in expliquer
167 548 1892 695 nettement et D succinctement, je suis oblige d'introduire de nonneaux caractere
165 603 1898 753 et de leur dopuer un Algorithme nonneam cest a diredes regles toutes
1113 727 1146 779 s
171 661 1906 825 particulieres, pour leur addition constraction, multiplication divisions puissame
914 760 1046 835 sojent
166 789 619 886 ralines equations.
488 850 584 932 des
621 784 1860 907 caracteres. Sr plusieurs courbes comme cD. FE
207 878 496 946 Explication
539 842 1821 972 HI rapportees a un même Axe AB les tonchantes
527 900 1749 1045 des courbes cT, Fit, HMt conpant P'axe en F L B
547 961 1852 1090 par les sidonuées a un meme point B scauoir BF BC,
569 1028 1892 1151 BF, BH,. Ces tonchantes des comrbes CF, FL, HM, conpant
1323 1068 1883 1158 A le poini A. dans l'A
1850 1103 1891 1158 re
549 1110 1249 1216 axe dans les points F. L. M.
1602 1132 1894 1212 A appellons
539 1146 1576 1269 est fixe, le pouit B change uvec les ordonnees.
1475 1194 1518 1265 es
1727 1214 1759 1261 e
536 1256 685 1343 AB, x.
782 1255 938 1312 BC y.
1102 1213 1430 1300 Ha BF, co,
1465 1245 1626 1291 luraiton
946 1259 1074 1328 soit
1177 1267 1263 1342 dxad
800 1302 1190 1372 Babe catc appellie
1223 1252 1759 1356 la et LBsea dx
528 1326 709 1390 a Vaison
545 1365 684 1423 laraison
651 1375 761 1454 BaBi
778 1309 1778 1430 C et laruison -B aBF, c sera soit dX a doa BF a dco
551 1411 602 1490 et
631 1404 955 1493 era dx a de
1011 1404 1078 1459 si
1090 1382 1810 1477 y valoit ved par exemple, nonp
608 1482 706 1526 ala
575 1511 739 1565 dirions
791 1433 1865 1555 axae an lien de dy, et ainsi dans tous les autres
573 1488 1867 1616 exemples, Ensin suit aune droite constante, alorqi
1566 1577 1887 1650 sinus valit a
468 1543 1679 1674 Addition et sonstraction, soit y egat a v+ _0
1584 1631 1891 1696 valvit a, c'est
578 1618 1509 1733 cla sera tousjonrs o ou egul a rien.
549 1654 1569 1765 fors a une divite constante alori si y vales a
516 1688 1892 1813 dire si c est la ligne cD estoit une disite parallile a AB. dy ou
544 1797 830 1860 a seroit o
855 1731 1865 1829 oquegal a rien si la grandeur  d esto se trouuoit
127 1828 488 1892 negative, alors FL
550 1768 1878 1883 negatine, H an lieu destre menee vers A, au dessis de aB, serga menee
1559 1800 1901 1872 eu seup contraire
1648 1843 1900 1906 au dessous de B
93 1842 989 1953 Addition et construction soit is egali a
1646 1888 1778 1933 comne
542 1908 1230 1978 dus seuo egat a o  da
749 1955 1028 2023 dysera egat a
964 1989 1076 2042 strac
422 2019 1095 2098 foit y egale a avco, dy sera
79 2048 363 2124 Multiplication
943 2103 1079 2175 au sera
90 2132 270 2187 division
345 2120 724 2194 quit  egue a
1040 1835 1459 1911 v + e 41 =½) a
743 2142 834 2196 aco
1344 1939 1470 2011 +) den
1050 1950 1301 2009 dv + aco
1136 2001 1469 2070 avdco + a codo
1147 2062 1426 2129 eodv- v dco
1203 2143 1307 2186 ac
459 1402 522 1443 is
