2401 3381
43 22 2213 142 sed aequationem drfferentialem, quo est talis, a ydv+ Cydo da
441 67 1980 202 Unde sequitur ex datis lnea momentorum, e
1991 95 2081 182 m
627 178 678 227 sa
73 137 2139 321 in definite momentis, (quo casu dabitur da: du) dani eliam
93 223 1933 396 syto seu aream figurae, sed non contra semper & data
159 283 2124 473 Uticissima haec methodus problem ubi  ascrpsi ABN
148 379 2149 548 fagiho procedenti indefinitas limilatus illus expressiones
90 450 1878 640 summatrie, revocandi ad absoentas calculi patientes.
195 527 2248 693 matet setiam illuc adhuc, mirabilius data linea mtnentorum
621 591 2205 738 faltem linsa linea centrorum gravitatis vel
206 678 574 796 eoatoe v
264 666 2213 839 lem data momentorum relatione dari curvam ubistatis est
497 728 2307 895 relatio momentorum, sit c. centrum gravitatis ipsius ABLA
499 807 2256 952 et AB ejus momentum = BG, et detur linea BE, AG, ajo inveruri
524 875 1916 1034 posse lineam AL, est enim catis aequatio A
467 912 2312 1130 aydo + pydo da = vis de. quia igitur datur linea BG
244 993 2258 1213 abitar e langentius ejus proprietas, ergo et vista. Et quidem in casque
216 1053 2194 1301 pambolverdum Hyaerbolverdum in fallor AG est linea recta
227 1138 2162 1371 ponamus esse da du vera seu dvy: da aequ. constanti sed
238 1380 309 1446 s
217 1279 2235 1540 posito p. parametio fit)  fit quo casa AG est parabola cujus
2149 1577 2307 1673 NBBB
479 1572 2106 1778 in currae flexu Ghario H angulus HBC euit minimus onanium
593 1647 2340 1829 quos tangentes cumax facere possunt. Nempe invenienda
584 1720 2072 1904 proprietate tangentium, inveniendum est ce
582 1786 2245 1989 punctum H per methodum de maximis  minimis
1038 1876 2055 2013 B3 habeat minimum proportionem.
345 1980 678 2092 tale, ut
715 1957 1012 2068 IC ad c
234 1929 2235 2169 Elegans tract. vietae qua ostendit quo per demons ratur spollonus
156 2047 1797 2235 alli circa conta itque Circulorum habeantur contactus sphaerarum
511 2069 2260 2306 fungens Hi minir est curva HR, Ut langens XI major est curva mtet
499 2154 2277 2353 num recta, Hi minor recta HR, ergo multo magis minir a reu HR.. jam
2055 2259 2354 2359 Hini possem
465 2300 1935 2475 ex praet monstratis ex prodemonstrutis ergo HK n AI HN
1846 2404 2083 2466 omnium
2128 2385 2322 2475 B(P) et
429 2327 2357 2524 circumscribere  curvo majus et priclus. Nem pe ex probalis
790 2409 1827 2558 Ergo summa omnium B major summa
522 2443 2277 2629 sed eode uudo pio vomabus ut sil sussunt adnters mnes ut ii, respectu HE, et
774 2509 2357 2736 disseitatio fermatio de solutione problematum Geome–
452 2577 2354 2811 hilorumt prer anum siam coeissimes,. bieta ent ansesus vesarntier pa
1354 2687 2370 2847 ide ibid quantitatibus ignotis qu chara
155 2639 2359 2898 quadralo quadratican ad cubenam eodem modo sed aliquanto diffichius sexta reducetur
139 2787 1320 2958 ad gradum scum (ita fermatius fo l. 111)
148 2755 2382 2995 ieres vocalium cum vieta assignamus, haec enim prorsus a Ebitraria cur, mnularit cartetius ondeo
851 2815 2353 3025 Es dilae ca hic certessus assurret ad quinti vel sexti gradus
1305 2881 2231 3031 per gradus utii, Aeper gr. 4ti) not solvemus
103 2975 1279 3157 fam A cc pit pu satcas gu secundi grabus, AB
118 2935 2342 3187 cautesm constnit aliquando problamlla phr lincat jasto altiores, ide Carbsius paus eD
107 3001 2290 3236 distrute asserit ivas ex intersectione regula aut alterius rectae et curvae orta esse semper altioris gradus
221 3046 2270 3251 recta cu parobolacubr co surgit ad aeg. quadrato quadralicam, et vuet sum idem cartehu
747 3103 2153 3252 ncc nalae unvas quarto et ito gradus ejisde, esse generis
61 127 426 223 vydo
345 1204 2226 1446 dva da aequ. da: dv :: v: Vp (posito catem rceto fit
247 1513 1792 1694 et Cydv = PYy -pa y: v et y dv = p dy -
264 1388 2136 1617 langcus verticis est AB. fet ay + Sydo vx ∞v: p =- vs
499 2203 2340 2415 NK +K L, is A HK + KN p guma ex Arcimede et LN minor X
520 2515 599 2588 dd
180 2947 841 3069 sit aen A + BA:
2131 3136 2174 3199 es
2137 3136 2220 3194 d
2143 3131 2225 3198 tol
