2643 4035
1147 53 1788 150 mods Defermin andi punctum p
1137 96 1797 195 lineae isochionae BD in quod cadens
1138 143 1779 235 grave adata si corp celeritate
1128 183 1750 286 der descendendi, indeporro
1136 210 1788 338 descendat in linea uni formiter
1360 457 2571 564 sit parubobociles quadrato. lubica BD, eni respondet altitudo A B sio ut _
1362 520 2606 625 3AB sit latus vectum, et grave iadens ix AB it in B tonans pergert inciemen
1362 582 2580 674 tporis ME, tendet pono intremento temporis eodem. sit aliud grare.
1360 636 2575 741 eadens ex altitudine NP in eandem carvm BdB, videndum an
1371 694 2499 802 continuare possit motum in eadem r BDPC. imumeatio,
1362 737 2595 858 in AB sumatur AR = Np arit incrementum tempori; post lapli
1351 795 2584 912 liberu ex NN vel AC, ut disf. R5 seu ut FV Ducatur
1376 851 2577 975 tangens pri, et ait incrementu lomporis quo corpus
1380 959 1755 1024 es _t vn Puncterbuo
1649 907 2571 1006 partum contronare incipiet in pg eut ad Fra
934 966 2602 1107 inmeti lamuoquo uta s  plo ad lox producatur X dinec oecurat ipsi EHin
1371 1037 2607 1165 et ipsi EL in Z et debet esse ZY ad FV, ut P h ad 1
1378 1093 2560 1214 hoc est in paretbolvende BdP, debet punctum
1369 1152 2598 1279 pumi tater utMroducatur Y E donec ipsi
1374 1201 2580 1331 ta occurrat in co demtittatur inde c0  in BE2
1387 1273 2544 1371 debel esse  Eynstans ad TV detemunato
1392 1318 2589 1436 per altitudinem AA ut pu ad edX, id est dato
1412 1378 2548 1508 FV (non DE est ,stans) inveniti) abl punctam p
1412 1448 2358 1562 ubi pro ad eox postutatum habeant radem
1421 1495 2598 1634 ponc mi Melior erit constructio si duae priallelae
1403 1571 2591 1685 horiquati ducantur non per A et B, sed per F et B
1387 1638 1876 1732 ita loco VE, sumatur
1387 1618 2566 1795 BE in Y, et FK in BBE, et tangens in 5 secit
1374 1685 2577 1862 et et  demissa perpendicutaris gisi BE occurrat
1374 1757 2589 1914 in jam DY ier indagabimus Taugens
1380 1833 2582 1963 sropoducta occurrt Axi, in A, et AA=AR
1389 1896 2598 2024 jam triangula LR XAs ,t DV sunt similia
1427 1963 2618 2066 ergo DV est ad RS Et FB ad D R seu ut AB ad A
1396 2259 2311 2373 jam BE = Y AB et Rs = Y AR.
1419 2369 2551 2499 ratione altitudintu data A ad altem Vertici
2293 2423 2340 2488 iae
1419 2445 2237 2562 sochionae lineae inscrvit AB..:
1495 2586 1851 2710 exfet
1376 2134 2053 2239 PN: NX :: BE: DV. c
1405 2039 2474 2167 ERQ BV = NS. NB: AR. jam aqu
1376 2183 2524 2297 Ergo PVV: VX :: BE. AR: RS. AB jam BE
1401 2311 2584 2425 Ergo P1: 1X : : +AR: AB seu in subduplicata
698 1302 777 1454 s
815 1275 1295 1385 opraesetat dempus incienentum
746 1322 1217 1434 temporis perpetum seu un formen
746 1353 1257 1488 BDP, et  incrementum ampori
753 1412 1197 1519 quo corpus in ppervenens
757 1448 1280 1580 labere descen deretendit, ergo
746 1540 977 1640 deber esse
466 2092 1107 2181 Ad deter minandam rationem p1: ux
332 2178 1114 2286 CY = V. Ergo a 2 cod ys - ab
773 2490 948 2571 j d.
407 2923 513 3026 et
248 3035 1172 3178 seu V ad gc. ut AR-AB ad AB
282 3115 1165 3268 et, cut V seu AX quaesun
1100 3136 1291 3239 lines BD
277 3212 1291 3355 at 4c seu  lateris recti est ipsa
282 3279 1331 3454 ullitudo AB) nun latus rectum est A QAB
233 3384 892 3539 cujus 4 sunt A unt AB
934 3373 1329 3488 Ergo
930 3445 997 3537 e
1132 3423 1459 3539 u allitudine
291 3481 1073 3627 V =BR. Ergo corpus pe
318 3521 1327 3694 Aladens in sochionu lineob BD,
311 3602 1129 3743 in ea porro descendet uniformiter
309 3613 1427 3806 idus praeviteri poterat sine omnibus istis rahiocinis
349 3727 854 3864 amnique calculo, nam
930 3683 1430 3792 ex ipsa constrnctiorie
262 3732 1342 3904 hgine lineae s. corpus des venial in D per ABd
338 3799 1329 3947 D poro descendet uniformiter; jam ead idem sit
295 3826 1441 3990 si aadecunque eadem celcritate perveni at ad idem punctum D
313 3880 1441 4032 terucunt autem ad D eadem geleritate modo descendut ex
650 3958 1627 4032 ontali transcunte per A, atque inde per quamcunque
1475 3987 1587 4031 dee
381 2232 1015 2367 seu v = Cly - est
706 2304 773 2371 do
320 2355 874 2456 ej dy - 3y -
865 2418 950 2486 id X
289 2488 730 2584 Pi ax +aq
282 2571 399 2656 I0X
549 2573 632 2642 dv
1199 2591 1271 2658 v:
304 2627 405 2719 Pi
508 2598 1194 2734 1v + ds 1- 1 + 32 =+ 2
959 2685 1011 2766 +V
1170 2665 1255 2732 qo
302 2674 473 2752 -
313 2723 441 2815 1X
526 2743 589 2802 a
865 2750 966 2824 9p
986 2705 1385 2833 4c+90 -1
739 2802 943 2864 14:
1091 2779 1423 2887 4C AB
865 2831 950 2896 4c
1098 2905 1304 2952 cuque ot
739 2885 1125 2988 -. AR -A
596 2990 683 3062 4c
851 2970 1141 3073 Ba ABC
1490 3351 1569 3463 N
