2424 4045
978 53 1047 132 is.
1068 44 1533 137 opere Arithmetreo
274 80 2266 215 Uadam mea in dallisio invenio, ut quod Exominanda sins
188 175 2307 283 utile sit singulatim operationes per novenarium examinari; atque ade
231 253 2257 355 et in divispare perr lineas ductas distingoi operades marticulares
341 325 2343 426 quod Vallisius vulb umbilem  esse principrum numerorum, sed Vuleitale
229 386 2352 489 al lineae punctum, ego malem, rationem infinite parvi ad aliquio
240 440 2376 566 de seu inntum mangitudines e vel proportionis, esse Nimeri punciprum. Infinitu
242 505 2046 638 nihila faciunt sed infinita infiniter sparva faciunt ajliquire
339 552 2347 696 in  facit +quia cec qui multipticat per negativum, toties follis
249 620 2244 779 undtiplicatum; tllere est autem est signum mutare. Nim Ego soleo sic rem
251 680 2320 838 concipere: si multiplices a per b idem est ac s. a multplices per b,
2271 710 2336 800 ab
258 764 2286 912 et productum per F 1. sed multiplicare per , est tollere: Tollere autem
269 869 854 982 est signum qt mutare
335 871 2313 1067 Volat pribaden Novanariam esse minus unversalem, quia Algebraicis
245 993 1238 1116 non convenit, verum e ego appluo V
348 1024 2302 1193 quot aurei distribiendi inter milites ut quisque habeat. sint
238 1098 2293 1262 at aurei a. jam quilibet mies ex 6 militibus, habet 29 ergo prodenat 6 vilibus
254 1161 2338 1330 2 Cu 144 = a unde patet et in multiplicate intelligi quasi Algebra, quandum
364 1222 2313 1384 Erjo pver nondum cogruta applicave Algebrae et F ad Geometria, mihi
247 1296 2343 1465 quam postes in Cartesio vidi, milu aliquam fraxeram. rebeabum, Aream dividebar
240 1352 2248 1537 in qu quadafiula valde exigua velut ullitules, ita mulliplicares et divisiones exr
233 1489 746 1600 caleraque ex hiblbam
337 1462 2273 1660 dece prio Numerom comparatio per subtractionem differemra
272 1548 2295 1732 per piossionem ratio Etiam diviso non filaisi per homonenea neque dividitur
260 1622 2300 1800 recta alea per ligeam, (esed meo sensu per numerum numerus comuadratillorum areae
269 1734 1286 1856 per nugem quadratillorum laderis +)
1364 1683 2309 1804 Ratione, qualumcunque quantitatum
263 1757 2329 1923 sunt homopneae inter se E, nempe rao o si sumatur quantitate est homius enea
1056 1853 1272 1932 vel potia s
1450 1818 1798 1912 e sea relatio eque
287 1887 589 1979 Numero.)
380 1835 2235 2049 progressi contmnatio proportio si referatur A ad B ut C ad D.
305 1948 1562 2125 propressio, si B et C coincidant, et ila continnetur
625 1986 2246 2179 pelicoides figura contata ABCd DA contenta semicorentari B linea BCd
688 2044 2340 2238 et quadrantalibus AB, Ad ae quatur quadrato ABCd, nam codemta sermenta
699 2112 2336 2296 si adimantur segmenta BE CB,BCGB, DCHD, et addantur iis equalia
661 2184 2199 2359 segmenta ABLA, ADMA, A ex pelicoide fil quadratum,
1884 2231 2185 2305 homologos) et
447 2321 726 2400 pro fractips
191 2260 2334 2478 Dcbphedus (multiplicatio ( division) comparat hete rologos Hmino no rminos
463 2413 645 2501 intractioni
1596 2341 2311 2480 comparit id est condividit
314 2391 1513 2566 noultiplicat homologos (Reterologos).
346 2494 1337 2633 vallis: vol. 1. op. Rag. 220
404 2519 2232 2721 decinatis fractio reducitur ad edem quaerendo maximum
447 2680 2187 2869 p. x 227, ut seximales referat ad decimales re
266 2734 2248 2979 revocat ad decimales biem, sed proestat referri ad decimales
310 2827 2338 3042 horau nam  =0016656, ergo minatur est ha hor. 0.01666 ett
292 2905 2246 3096 minulum  minatum secundum est horae 0000277 zecc Minutum
281 2121 458 2312 a l
510 2148 577 2292 de
371 2283 595 2359 H
2021 1011 2102 1074 24
310 2564 2352 2800 Locm diosere vibisii 375: 100000 debet diordi per 3125 fit C d. 52
780 3022 1861 3150 tertium est horae 0.000d4629629629 et
1583 3227 2194 3364 plagula CC. 2
467 3249 1549 3418 in ollisci vol. 1. Operum deesa
508 3368 1072 3489 abrcudat Bb. 2
263 3420 2338 3600 Melhodus vallisi moemendi an auchis aviminus lavem inter duas quanti
200 3507 2302 3676 dates quam proxime fieri petest, per numeros tales ut nec numerator nec mo no
238 3566 2300 3743 minator sit major quam g9g, vel quam g99g, ete. et ita ostendere quod
155 3660 1760 3818 22 ad 7  sit  tals infia g9; t 355 ad 113 Metiana infra g9g
