3269 4788
135 90 1658 268 ei ab eodem aere a quo ante resistebatur, etsi
133 178 1786 359 per spatium latius disperso. Ergo in caeterum patm
141 281 1626 444 novi spatii aerem nihil potest, cum vis ejus omnis
151 348 1770 537 Jam a priore aere contraponderetur. Claudatur
165 436 1818 625 Epistomium profundius descendet Mercurius quia minus aeris
151 534 1866 715 Mercurii ei nunc resistit. Est enim aer residuus c.
130 649 1727 819 in sub Mercurio non amplius dimidium aeris, efge
157 726 1658 901 vel quod idemposito db et fg. esse aeque longum
151 819 1748 984 aequalis aeri fg. ut erat initio cum Epistomum
157 893 1746 1082 primum aperiretur, sed erit pars ejus dimidra
149 992 1690 1170 Jam eadem vis quae potest seu pars tertia
157 1077 1732 1274 totius aeris qui implevit db fg cum antea fuerit
127 1175 1610 1348 pars dimidia. Erit ergo nc una et dimidia
143 1258 1663 1444 aeris parehendentis spatium duplum. Ecce ergo
228 1337 1551 1532 patium dimidiatum, at corpus non duplicatum
223 1412 1647 1611 spatia sunt ut 2. ad 1. corpora ut 1 ad 1-
114 1516 1647 1713 Jam quicquid comprimere potest corpus ut  ad
143 1609 1610 1795 spatium dimidium prioris, id comprimere poterit
173 1691 1615 1869 spatium corpus 1½ in spatium quod sit ad
154 1792 1618 1947 prius ut est 1. ad 1 = detrendet ergo & per
194 1867 1735 2037 quartam partem pati cb. sed aperto Epistomio
186 1965 1717 2114 ruisus ascendet, idque continua reciprocatione quae
170 2053 1685 2194 nura videbitur intuenti, nec ratio facile a quovis
127 2146 1754 2298 dioinabitur. Quanto autem major est Tubus alter bf.
122 2250 1666 2388 tanto plus clauso rursus epistomio descendet Mercurius.
125 2330 1743 2471 et si Tubus bf sit maximus, tota scilicet Atmosphnia
127 2404 1722 2558 seu aer liber clausoad altitudinem usus almo–
146 2479 1714 2646 sphaerae assurgens fingatur, tantundem ad sensum
146 2574 1709 2718 pridescendet Mercurius vice secunda quantum
133 2665 1679 2795 prima modo scilicet pondus eju alioquin ponderi atmo
127 2742 1695 2894 sphaerae praeponderet. praevateat seu modo sit
130 2835 1229 2984 numero pollicum praescripto major.
1466 2838 1647 2965 Me–
106 2923 1791 3090 thodus generalis ex his patet computandi compressiones
101 3048 793 3186 tensionesque Datum es
857 3043 1693 3160 Pata est vis comprimens
106 3112 1618 3277 seu angnitudo rei Elasticae, quantum scilicet spatii
117 3194 1666 3359 res Elastica data antea occupaverit libera, &t nunc
103 3279 1623 3452 occupet compressa, data  etiam esse debet
111 3367 1631 3521 res nov rer novae comprimendae tendendaeque, de
143 3452 1682 3591 qua eventum calculare volumus, qua vis resistens
125 3521 1711 3684 seu quantum spatii occupet libera restat quam
143 3604 1642 3755 tum occupare debeat compressa. Sumatur ejus
162 3681 1693 3851 pare aequalis parti corpori Exempli causa
165 3761 1714 3934 vis data compressit aerem pedem aerem vatum
159 3857 1650 3995 naturaliterpatium duorum pedum, in–
159 3934 1740 4088 patium unius pedis, quaritur vis eadem in qu aerem
135 4008 1738 4176 unius pedis spatium implentem in quod spatium
133 4088 1634 4253 comprimet. Respondetur in spatium quartae pedis
146 4181 1698 4317 quia vis Non dantum in spatium dimidii ejus. Quia
141 4250 1639 4394 dimidium ejus potentiae sufficit, ad comprimendum in
141 4317 1695 4479 Spatium dimidii pedis, ut patet cum duplum ejus
157 4391 1703 4540 in spatium dimi unius pedis se toto, ergo dimidium
210 4476 1709 4649 ejus in spatium dimidii pedis se dimidio compressit
1874 3468 2342 3619 investigandum
