4812 4287
161 219 1298 366 prop. 10 datam rectam lineam finitamAB
97 281 1214 447 bifatiam secare. Analysis Exilides hic
95 354 1152 504 suo mere recurrit Ad tuane id triangulum
100 402 1176 573 aaequilaterum, et ngulum super ABC, et
83 462 1236 626 angulum A secat bisariam. sed breviorem piam
76 495 1326 678 analu ps aperit. Opus est invenire duo puncta C et E
66 571 1126 752 et quae itsint se habeant eodem modo
80 612 1193 805 ita enim recta haec puncta conjungens utrinque
800 700 1424 826 intervallis aequalibs
88 619 1548 855 etiam se habibit eodem mudo; atque ita regum AB bilecabit
95 778 678 909 Hoc autem fiat si certris
97 733 1536 952 dscribantur circuli, qui cum se seceit in duobus plunctis C et _E
383 805 1467 986 puncta quaesita et recta CD, quae secabit
102 916 371 1026 habebuntus
242 857 1405 1071 in _ medio D. ut AD, Bd sint aequales.
176 997 235 1095 7
111 997 185 1102 A
235 950 1384 1140 prop. 1. Ex dato in recta AB puncto C
76 1019 1293 1224 educere rectam ita ut angulus ad C sit recti
47 1059 1498 1288 cum Analysis mea haec est. Cum angulus recta ex C normalice
52 1145 1300 1350 educta ad rectam AB per AB interminatam utrinus
54 1205 1281 1412 se habeat, eodem modo tantum epus c sumere
64 1269 1283 1459 cd aequalem ipsi AC, it recta ex sic educenda est
50 1326 1229 1521 utrim in ACd uninque se habeat eodem modo. quid
54 1378 1191 1574 fiet si centris A et D descubantur aequales circil
69 1421 1281 1621 se secante in E, quod punctum utrinque se habet eodem
678 1495 1093 1610 quae erit quaesita
61 1536 659 1688 modo ergo et puucta EC
228 1495 1493 1738 prop. 12 A dato puncta ducere perpendicularem
54 1581 1334 1810 ad rectam interminatam (AB). Ducenda scilicet
52 1655 1336 1876 CF quae se utrinque habeat eodem modo ad recam
2153 1802 2344 1898 in F
71 1688 1393 1929 interminatam sumendo ergo in recta uterminita
1250 1850 1443 1936 visecari
85 1760 1269 1972 puncto duo ut eodem modo se habentia adC
80 1805 1376 2029 quod fiet si centro C qrut secet AB in D et, unde
64 1910 1122 2091 tcum opus est vel bisecari rectam D4 in h.
447 1881 1855 2079 recta CF vel quea hae bisectiones rursus circulos supionum
92 2041 333 2143 angulua
116 1902 2348 2174 celtris D et E, intervallo cd velr descubi crculas atra se secantes in E. et Cs secabil:
281 2067 1431 2262 prop. 13 Recta (AB) tuperrectam CD
724 2150 1434 2288 ABd duobus rectis aequales
71 2224 659 2367 angulu focit ABS
85 2226 1450 2434 patet quod comprehendit semicirculum ut duo rect
92 2305 1267 2498 nec tamen contemnenda demonstratio Euclidis
109 2300 1912 2569 siut duo recti EBC, EBd, angulo A B emajore quam rectus et ABd minore,
107 2419 1245 2636 est ergo ABC = ABE + EBC et erit ABC
95 2454 1750 2703 t GBd = ABE + ABD. Ergo ABD + ABC=ABd FABEFEBC
616 2588 1000 2705 quod erat dem.
107 2641 540 2757 =EBD+ EBC
621 2593 1384 2765 a. ex rectae (AB) puncto (C
300 2715 571 2827 prop. 14.
114 2700 1091 2893 in diversas partes edmantur rectae (
111 2731 1455 2962 sintus anguli deinceps (sibi contigni) (Acd, ACE)
738 2815 1314 2950 DC, CE cadent in e
119 2888 728 3029 aequales duchus rectis,
109 2858 1455 3091 rectae eductae erunt in dinectum (seu puncta d, C,e
83 2912 1562 3143 erunt in eadem Vedi recta) Hoc Enclides demonstrat
505 2991 1431 3153 i praecedente ssumens omnes rectos
97 3091 435 3203 in dependente
102 3046 1398 3250 esse inter se aequales. sed via mea determinationis
97 3103 1424 3315 sic facile demonstratur ex prae edente dato angula
102 3150 1472 3367 a sumto angulo ACd, datu angulus ACE, cum simil suint
111 3215 1455 3424 aequales deobus rectis, datis prgo rectis DC, AC datur et CE
116 3255 1498 3489 intelligo positione non magnitudine. Ergo non nisi uno od
121 3310 1488 3527 duc potest CE. sed jam habetur modus nempe issa recta DC
128 3324 1808 3591 producta angulus ipsi A in F angulus cCF es ACF est aequalis ipsi ACE
986 3474 1474 3601 3 Cd se secent (in C
133 3443 1253 3651 ergo coincirunt (productae) rectae cF et CE
671 3524 974 3634 duae rectae A
288 3589 478 3686 prop
131 3525 2005 3760 angulos ad verticem (E A (id est opposilos) fac. eut aequales AED. BEE, iter AEC BCd
181 3589 1617 3815 AE C + AED -AEC +BEK. Ergo AEd-BCB BEC
150 3639 1712 3886 Eodem modo AE AEC+ AEd = AED + B1D. Ergo AEd = BEd
2508 119 3725 309 prop. 16. cujuslibet trinus uli ABC umo latere
2425 181 3747 390 BA prodo A (ad D) angulus exderan est C) angulo
2413 257 3780 457 major est interno (+C) et opposito vel opposito
2391 328 3637 538 ad idem latus produ tum pd ABC) C d
2408 407 3520 616 et opposito (nempe ipse ABC, et ipso AC13
2456 471 3654 674 cum  ostendatur angulum CAd aequalem
2406 528 3732 762 esse siumil ulioque B et C, patet majorem esse unquos
2422 619 3587 814 separatim qu Nam tres ansuli in crcngulo
2410 659 3654 890 nempe BAC ABC, B CA et CAB sunt duobus rectis
2403 735 3592 950 quales, et duo anguli BAC et CAB et CA
2425 809 3623 1005 sunt etiam duobus rectis aequales etes ergo ussinue
2413 864 3649 1069 CAB sun ABC + BCA = (d videndum tantum
2403 919 3689 1131 an non quod de tubus angulis pranguli duobgrecta
2406 1005 3692 1181 aequalibus dicitur independenter ab hac prop. 1a
2436 1057 3651 1231 semonis ari possit. Plque i ta arbiteor et si apud
2427 1121 3620 1305 Eadidem id nonfiat. Hanc ergo propositibuem cam
2405 1171 3613 1369 separatim demonstrare perae pretium non puto, et quod
2460 1217 3630 1421 indiget Euclides, non optimae Methodi nudicium censed
2577 1302 3606 1469 prop. 17. cujus cunque trinosuli duo quicunque
2427 1338 3711 1536 anguli duobus rectis sunt minores. Patet pa praecedenti
2427 1407 3701 1607 am sent minores externo opposito Ham etiam demon
2446 1464 3609 1660 nare operae pretium non puto pariratione. modo
2444 1512 3663 1721 inde pedenter a hac demonstretur hricugulities angulos
2486 1636 3075 1791 se duobus rectas aequales
2598 1612 3730 1817 coroll. procli E uno puncto ad rectam (BC
2453 1702 3697 1891 non nisi una perperdicularis ici potest. nam si dua
2510 1845 2629 1972 sen
2639 1831 3663 1962 si ere forcul dubus nectis equales. Hoc
2510 1874 3720 2038 foro lavium prosut ascrib purocitioni magna
2457 1952 3385 2112 quod trianguli duobus rectis aquales.
2641 1976 3766 2162 prop. 18  omnis trianguli inpjus latus (HC
2458 2052 3475 2269 majorem angulum suibtendit (B) subtendit.
2508 2129 3704 2314 Demenstatio ufficit, ut esiam medum latu medio
2446 2226 3442 2395 a sulo et minus nnoiius subtendatur.
2613 2269 3666 2445 prop. 19. Omnis traanguli majr ingulus majori
2479 2314 3878 2507 ateri Tubtenditur Mitor et Euclidem ope praecedentis, Proct
2453 2422 3463 2581 uclidem etiam he ea demonstrare vel
2467 2431 3890 2636 Revera enim non et  conversa priorisu proctis cavius
2460 2505 3756 2696 potat sed eadem. Cum prior efficiat ut majulatus
2460 2574 3666 2748 majorus ancutus sibi respondeent et conjungnitur
2472 2634 3625 2817 i seccatum mini videtur in Logicam artem non
2465 2686 3606 2881 quod commisua paralogisuus, sed quod magna
2470 2741 3668 2948 superfluitas. Nsc dochrina conversionis bidetur
2477 2786 3785 3012 rene percepta. digrum hoc  accurate explicari.
3108 2850 3813 2993 monstratio autem Euclidea
2489 2936 3061 3046 Nunc non vacgtut a
2510 2927 3778 3110 est satis simplex. Angulis ABe sit major angulo C
2477 2967 3847 3184 4 dico las AC essemajo ret quam AB. dico angulum ABC
2484 3027 3847 3239 majorem esse angulo C. Sumatur pars ipsius AC pars A.
2482 3091 3809 3298 aequalis ipsi AB. jungitur Bd. angalus AdB. s major angulo C
2498 3141 3958 3351 nam (per 16 piani, vel potius quia aequatur psi C et DBC simul
2482 3239 3836 3417 mor umnieus hodleaquts idi auo e amir ds
2494 3327 3232 3486 qu et ABC multo major ipso C.
2606 3359 3756 3529 Coroll. x prop. 19. perperdicularis est
2486 3422 3623 3601 minima rectarum ex puncto ad rectam BC
2496 3467 3732 3655 est perpendicularis sit alia quaecunque AE quia angulus
2506 3500 3918 3724 rectus D major angulo E erit AE tat major opposita  ipsi D
2510 3577 3742 3779 major quam Ad opposita ipsi E. quodsi 47. primi sit
2529 3589 4421 3836 independens ab hoc corollano, ex ipsa prima froute statum patet corollarium oded
2558 3682 4089 3889 ut hac demonstratione opus non sol, etsi de satis simples existat
3680 3205 3962 3295 ne
3261 3319 3310 3377 e
347 4060 1181 4127 COTTFRIEDMILHIEIM LEIBrIIZ BIBLIOTHIEK
4216 4070 4619 4139 Signatur:. LH 36. 1. 3. 161. 30
338 4132 1181 4201 NIEDERSACIISISCHE LANDESBIBLIOTHIEN
3957 1895 4740 1998 Angulum majorem majusque latus opposit
3961 1957 4695 2052 sibi eeserodere, ostendi posset qlia
3966 1995 4719 2105 roctiane, natarili quitem, sed minus
3968 2050 4721 2157 usitate quio ingreditur conside ratro
3973 2100 4745 2214 Infinitorum. sit triangolum fosceles B
3949 2150 4742 2267 A aequalibus CB, EC minato angulo dui
3992 2207 4738 2317 CA faciat tiangum ABC, plus mi
4018 2257 4726 2364 metur HE, qu BE quam ce s
4033 2300 4726 2415 mutario elementaris, somta et in
4042 2348 4659 2460 CE sit CF = CA, juncta AF facil
4049 2381 4731 2510 angulum ad F rectum ergo es
4135 2431 4738 2547 ed AE major quam EF, erg
4240 2484 4726 2586 alis decescit (DE
4245 2536 4735 2646 cujus angulus ossa tus minuit
4292 2596 4733 2674 sappono ante Ac
4295 2634 4735 2731 majorem se quam Et
4302 2688 4740 2786 Ex 47. 1. quam suppo
4323 2736 4735 2812 assumo ut independo
4342 2793 4745 2890 b hac demonsstratam
4433 135 4530 209 so
4199 3255 4754 3322 saetens o, quem
3276 3303 3575 3376 alerum eaco
4345 3291 4750 3365 euincitur, pone
4383 3341 4731 3405 pnitm nagulos
4392 3377 4788 3451 ad B et C farsse aequale
4404 3424 4761 3496 in trianglo BCE
4389 3472 4728 3529 manene immin
4442 3498 4785 3574 reca pAE, pat
4509 3548 4778 3610 imminuto ango
4504 3596 4771 3658 ad e caderec
4509 3643 4776 3701 in A inter BD
4530 3705 4769 3753 et
4154 3734 4785 3823 rocl in Atamr
4125 3051 4552 3143 (quod rationis est
4216 3089 4661 3174 ut eperatio exhilaat
4233 3139 4738 3222 pictum, de majortate)
4377 3484 4406 3529 e
4363 3482 4393 3580 s
