2782 4484
760 351 2659 473 Recta est linea ubique sibi similis itaque si a puncto A immobili
725 430 2652 560 A egrediatur punctum mobile X, _ in linea recta, sintque situs 1X, 2X, oportet
760 508 2201 635 AX esse A lineam A1X esse similem lineae A2X
850 582 2609 707 A puncto uno ad aliud non nisi una recta duci potest sint puncta
852 647 2607 779 A et B, dico non posse dari duas rectas AB. sit enim una AXB, altera
850 702 2627 854 AYB. ponamus simul ex A egredi puncta X et Y, moverique velocitate uniformi
847 772 2657 919 velocitatemque ipsius X esse ad velocitatem ipsius Y, ut AXB ad AYB, e
840 837 2642 981 pnctac x et et in pervenient simul in B, seu coincident 2X et 2Y. jam A.X
683 896 2612 1043 et A2X sunt similes, ut es Hemque A, Y et A2Y, motus quoque sunt uniformes, ergo cum
680 944 2632 1118 quivis status similiter determinetur erit status monenti  qui est _ 1X A2Y, similis
685 1018 2644 1173 slatui momenti 2, qui est 2X A2Y, sed non coincidunt 1X et 1Y ex hypothesi, (alioqu
673 1078 2652 1235 lineae coinciderent, si nulla puncta 1X, 2X diversa assumi possent) itaque nec coincident
690 1143 2622 1285 2X et 2Y, contra quam asserebatur vel licebat sic arnumentari. si 2X et 2Y
668 1193 2639 1345 coincidunt, etiam quaevis alia duo puncta respondenta seu contemporanea coincidentur
668 1253 2520 1417 ergo et lineae. Ex assumtis ergo lineis duabus, consequitur non nisi unam esse
810 1312 2557 1479 Rectae duae non habent partem communem, quia productae
658 1387 2572 1564 coincidant. Habeant rectae AC, et AB partem communem. Et ecadem
670 1454 2547 1634 AD produci posset tum in C, tum in B. fint quo puncta X et Y ex A
635 1522 2570 1693 egregiantr motu uniformi et aequali per Ad, ita ut  D sit simul 1X et DY
628 1591 2490 1758 cam ergo A1X porro sint DC, DB aequales poterunt C esse 2X, et _ D esse 2Y
623 1661 2624 1808 cum ergo 1X A 1Y sit simile ipsi 2X A2Y (ut ante) ergo cum coincidant 1X et 1Y
619 1746 1722 1873 coincident eriam 2X ut 2Y contra hypothesin.
775 1768 2632 1943 Datis duobus punctis inerecta, determinata est recta quae per ea transit
2071 1858 2196 1958 simul
628 1885 1478 2027 sequitur ex duabus praecedentibus
810 1898 2590 2097 Ale in Triangudo rectilineo basis est duobus lateribus minor.
633 2012 2413 2187 sit Triangatum AL, dico At minorem esse quam AC; AF+ FL ad duo in
775 2050 2572 2229 punctum in recte extra rectam, non potest tantam distare a duobus in
1732 2124 2577 2244 sit punctum H in recta Per A, L
625 2162 1553 2304 recta puncta, ut punctum in recta
610 2174 2607 2366 transeante, et punctum. F, extra hanc rectam. non potest simul transferri AH in AF
598 2227 2600 2431 et LH in LF, seu rectae es non potest simul esse AF = AH, et LF = LH. Esto ita
446 2291 2595 2518 et puncta t mobilia X, Y egodiantur simal, motuaequali et uniformi ex A versus F et H; similiteris
525 2356 2614 2558 puncta mobilia Z et V ex L, versus F et H. sitque motus ipsius Z vel V ad motum ipsius X vel
503 2418 2629 2635 ut AH ad LH. Ergo patet  dissimulato A; H, L esse in recta; omnia effici si ponamus
1341 2553 2019 2662 b 1 m, n U+um П un
494 2588 944 2710 mobilia A
700 2618 2607 2837 In Triangulo rectilineo basis minor est duobus lateribus simul sumtis
655 2705 2542 2902 Eit triangulum rectilineum ABC, sumta ipsius Ac dimidia Bisecetur
658 2767 2535 2979 AC basis AC in D et suit tri angula AED, Cd, similia ipsi ABC et
665 2917 1096 3053 aequalia inter se
176 4342 688 4396 COTTFRED MILTIEIM LEIBRUZ BIBVIOTTIEK
2146 4344 2590 4401 Signatur: Lf 35. 12. 1. 105)-40r
209 4376 668 4444 NutDEnSACtISBEME vIOrSOBIIOTIE
2206 3688 2293 3788 4s
