3293 4773
177 167 1767 296 At si liquor aere purgatus est, nihil est quod locum descensu
180 262 1751 381 liquoris in tubo relinquendum implere possit, s
188 342 1730 469 quod liquor ipse nihil aliud Elasticum nobis compertum
167 434 1751 559 contineat, nisi id scilicet aut ex corpore ipsius liquoris
183 514 1695 641 maxima vi eliciatur, autatexterno per ejus
209 609 1698 729 poros intret. Sed cu Ergo si majore vi opus sit ad
228 705 1769 827 talis corporis expressionem aut externi comminutionem
713 678 774 758 i
204 798 1698 909 in partes dam subtiles quae penetrationi sufficiant;
217 888 1703 1010 quam est liquoris  ultra altitudinem ordinariam
217 970 1650 1092 27 pollicum in tubo comprehensi i (qui enim
204 1063 1700 1174 infra illam altitudirem est caeris aequipondio
1138 1042 1300 1121 exteri
206 1132 1772 1254 aere destruitur, praeterquam in Recipiente exhausto)
175 1219 1732 1339 necesse est liquorem suspensum manere. Ratio difficultatis
183 1296 1788 1426 est, quia corpus ejusmodi subtilead locum implendum
175 1378 1647 1514 in satis magna quantitate, cogi non potest, quin
196 1463 1862 1588 alia corpora quibus exprimitur tantundem comprimantur;
180 1537 2067 1678 at huic compressioni t insvetae, eteris circulatioii universalis
183 1620 1690 1755 omnia contrnue ad uniformitatem solicitans resistit.
185 1715 1671 1848 Etsi haec resistentia possit superari. Quoniam vero
172 1784 1677 1927 maximis Tubis opus esset, ut proprio lr pondere
153 1869 1738 2002 liquor avellatur; poterit compendium m sumtuum
183 1944 2337 2100 taediique fieri ad postremum altitudinis gradum inveniendum, oc experimento
236 2044 286 2110 epos
172 2025 1727 2179 s liquors embolus exacte adaptatus tubo; longitudinis
159 2108 1767 2261 pro pondere liquoris ac tubi longitudine pondus embols
175 2200 1719 2338 appensum, aut si d magnum nimis esse deberet, vis
201 2283 1671 2415 Mechanica ut cochlea adhibeatur. Ita eni mie facile
188 2367 1650 2508 supputari potest quanta altitudine Tubi opus futurum
225 2468 1379 2585 fuisset ad divulsionem procurandam.
199 2548 1703 2691 Hactenus dicta sufficiunt ad rationes eorum omnium
193 2630 1682 2784 facile reddendas, quae novissime ab Illustri Hugenio
201 2712 1613 2855 detecta sunt; alia postea experimenta afferemus
185 2792 1589 2946 quibus res videtur indubitabilis reddi posse qua
191 2877 1475 3033 Hypotheseos nostrae veritatem prorsus convincent.
188 2940 1708 3107 Cur en Experim. 1, ein proximo diario memorato
156 3020 1692 3182 liquor in Recipiente manserit suspensus dictum est.
193 3115 1631 3245 Nec major difficultas in axperimento 2d. Nam liquor
143 3182 1570 3322 descendere conatur nisu propriae gravitatis. Haec in
151 3245 1623 3407 fundo seu prope orificium tubi major, ergo, et major
167 3338 1629 3476 ibi pressio Ergo et maxima aeris post praem quan–
185 3402 1552 3539 tamcunque residui ad locum in summo implendum
161 3468 1623 3624 expressio. Cum vero bullae aeris nimis, exiguae per
145 3550 1584 3688 ab aquae crassitie retineantur, necesse
132 3614 1507 3760 est eas colligi in unam majorem, ad ut ascendere
124 3683 1594 3842 possint, confluereque in eam canalibus insensibilibus seu
130 3768 1586 3897 rimis in aqua actis. Bulla semel nata, aqua
127 3839 1615 3953 levior, satisque virtum ad perrumsendum nacta
175 3905 1642 4030 ascendet, reliquum a aerem in itinere colliget
148 3977 1666 4099 ac proinde continue augebitur.Ubi vero fissura
148 4046 1608 4176 sibi aperta parte sui ad summum usque seu supra
145 4112 1645 4242 liquorem linicuerit, liquor descendet gravitateque
145 4165 1759 4335 sua bullam ita distendet, ut spatio toti implendo
140 4258 1647 4404 sufficiat. Tubi vero concussionem ad primam
151 4346 1573 4489 bullae generationem multis modis conferre posse
159 4420 1692 4590 manifestum est, facere enim potest, ut partes aeris
1801 1736 2266 1826 + pondere liquoris
1804 2248 2215 2359 avulsione facta
2356 1880 2799 2012 Experiment. 4.
