2403 4142
1161 102 1454 197 seu Principia
487 151 2294 315 deritates praeliminares (quibus Ecclides sua Elementa supen
380 241 2290 411 struit  si ex aminaverimus, et ad calculum nostrum speciosae
384 331 2260 499 situs revoca verimus, poterium facilius eriti idem postea praestare in
428 402 2274 556 Theoremabibus quae inde deducuntur. Etequideme Et paucis varie
398 478 2287 623 libris, sub veritatum praeliminarium nomine hic tantum Postutata et
412 561 2283 692 Axiomata et postulata intelligo, exclusis de finitionibus, quae non
398 621 2306 761 sunt veritates sed explicationes Termitorum, nisi quatenns de possibilitate
398 688 2198 830 agitur, nam catenus ad Axiomata vel postulata referri debent
393 750 2239 904 Enclides autem etsi plerisque Elementorum libris definitiornes paemiserit,
216 807 2290 996 seoculhici primo secundo tertio, quartoiquinto eptimo decimo, n Arithmet
368 867 2195 1053 Arithneticis Logistico quinto; Athmetlis exto et septimo; Cossicii
400 936 2225 1111 seu incompensuum bira tractanti decimo: Stercometrico undecino:
409 989 2297 1173 Postulata tae praemisit solis. sibro primo, et Axiomata non nisi
359 1047 2221 1254 primo, sexto, et qui de et decimo; et quae daobus istas Et quidem hoc
370 1116 2186 1313 quae sexo et decimo praemissa sunt, minoris sunt momenti facileque
363 1189 2218 1394 facileque demonstrabilia;d ut ate adeo erig quae libio puimo
1648 1320 1871 1396 otentus
41 1247 2255 1481 praefiguntur risalsent, vera totius operis principia, censeri possunt, quae
1627 1318 2193 1452 Iucipiau autem b
359 1387 1482 1514 nunc accuratius considerare placet.
377 1396 2292 1601 Axit, Aniomatibs contra quam t Enaliies, sepositis postutatis
386 1477 2234 1666 quae ad incpiam autem ab. Axiomatibus, (contra, quam Euclides
337 1578 1710 1755 sepositis Postulatis quae ad praxiu referuntur
354 1712 386 1808 s
453 1587 2292 1799 Axiomala initio Elementis prab huclide prae missa duorum sunt
352 1684 2230 1889 generum alia  ex ratheseos Universalis, alia Geometriae prop
1926 1744 2322 1845 communia sunt
365 1771 1839 1949 seu communia Arithimetiue alia vero propria Geometriae.
347 1810 2287 2022 Axiomata ab 1. usque ad g quibus adjecta sunt i elavio a nonnullis, et Clavio
1084 1903 1816 2034 Proprio sunt g et a 10 ad 14.
345 1958 1033 2084 quoque alia a 15 usque ad 30.
651 1972 1585 2107 Arithmeticae et Geometriae Axiomata Euclidaea
455 1976 2251 2172 communia non difficulter demonstrantur ex nostra aequalitatis
296 2110 402 2211 ajoris
94 2034 2297 2257 et minoris aut definitione. Nimirum aequalia sunt quae sibi (ubstitui possunt salva
365 2215 738 2317 quantitate.
791 2100 2308 2303 H qa eide et Minus est, quod alterius parti aequale
745 2259 888 2321 mata po
361 2308 487 2395 est.
545 2186 2225 2388 Hinc aequalia quae tidem aequalia sunt inte se aequalia.  Epsit
1341 2303 1735 2409 aqualium) id alitem e
1588 2255 2244 2360 pe in aequatione, priore pro
355 2363 644 2462 sit a=b,
699 2321 1314 2413 et c - b dico esse a
738 2377 1127 2459 quod ei est aequale sper
382 2317 2350 2540 substituatur , obeaqui (ex aeg. posterione) quia e e aequatium. Et pro eq. prione
1938 2388 2269 2489 Pari ratione
133 2427 1841 2611 set aeg. Itia a b habebimus tertiami a= c quod erat demonstrandum.
370 2436 2257 2685 ostendetur uno aequaliume este  vel majus, etiam altero majus vel
1544 2512 2331 2653 in primo B. pro b substituendo C.
347 2577 1493 2738 minus esse. Nam sit a A b. et seumBb b = c
1721 2646 2352 2772 si unum aequalium aliqua
325 2597 2267 2816 serundi fiet vi secundi, fet ex primo otium ape. Ide eodem modo ex
330 2726 1454 2874 a y b et b =c; colligetur a apc
356 2729 2281 2924 magnitidiae majus aut minus est, alterum eadem majus aut minus est. No
363 2791 2340 2977 sit  At rem sit pat et ex fictis patet eodem modo, sit E=b, et bs a
354 2860 2322 3039 vel bza, erit, et c p a vel cga, quia c substitui potest in locum ipsius b
368 2924 2331 3090 At Alterum Axioma si aequalibus adjecta sint aequalia tota sunt aequalia
345 2979 2340 3168 eadem plane via demonstratur a = l et b= m dico esse a + b - l+ m
343 3051 2313 3230 nam si  quia  pro pro a + b, substituendo aequalia in eorum locum quibus
345 3124 2257 3283 sunt equalea pro dit 1t m. Nempe a + b = l+ b pro a ponendo L et
352 3182 2329 3352 I+ b = I+ m pro b ponendo m. quia ergo a+b -l+ b et l+b =l+ m
1477 3253 2333 3355 Eodem modo demonstratur axioma
349 3285 1337 3412 fiet (per axioma praecedens) a +b = l+ m
340 3308 2313 3474 3tium: nemipt iisdem pe si ab aequalibus aequalia ablata sint, quae relia quantur
347 3371 2320 3541 sunt aequalia, nempe quia a =L et b= m fiet a-b = b l-m. Et Axiom
338 3437 2327 3612 Alum si inaequalibus aequalia adjecta sunt tota suit inaequalia Et si inaequalibus
345 3499 2347 3667 inaequalia inaequalia adjecta sint ljori majus, minori minus, tota sunt aaequalia
361 3571 2310 3732 illud nimirum majus hoc minus. idemque de abtatis Et Axioma quantum
340 3644 2317 3796 S ab inaequalibus aequalia ablata sint manent. Inaequalia et si a majore minus
314 3713 2241 3856 anferatur, a mnore majus manent illud maius hoc minus. Quod ut ostendemus
291 3762 2331 3900 de addiso majori ad majus vel ablato minore a majors: sit a il et btrm dito esse
359 3845 2101 3974 a+ b plam. 1 nlam a-55t ) 1am ssama unseu tem b a pordo ap a lipa intamd a feltit. a
