2753 4434
949 756 1170 835 generale
798 788 2186 894 spatium est locus omnium punctorum ita si funcdum qu
1005 847 2277 950 spatium erit Y. spatium est quod a spatio universali non
667 901 916 1007 differt n
1333 906 1419 975 acid
798 913 2223 1051 Planum est sectio spatii utrinque se habens eodem modo
757 970 2314 1135 Sint spatii Y partes X et Z. _ quae non habeant partem communem
764 1024 2282 1207 et habeant tamen sectionem communem, ubi sint V, ita ut V sit Z
753 1096 2191 1271 ut omne V sit Z et rursus omne V sit _, seu sit V _ ~: X ~=
756 1157 2205 1337 erit planum V. seu erit V. Z ~ V. X. Hinc si s qu.
737 1214 2159 1416 Aesit qu. Z sit A Cta dabitur B A. V ~ B. V sit ut quoddam Z sit B
818 1374 840 1428 en
874 1253 2262 1458 nnep quod non est in plano,  est in alterutio
756 1418 1094 1527 spatii segmento
1254 1394 1468 1492 cacius aliquid
828 1357 2287 1576 omne continuum quod est in utroque spatii segmento, ejus aliquid
749 1433 2242 1645 est in plano e Nam continuum est, cujus duae segmenta quaevis
734 1480 2265 1697 duo constituentia quaevis habent segmentum commune. Sit ergo con=
736 1546 2220 1753 linuum F, omne T est Y, sed omne Y est X vel Z (per praeced). Ergo
1192 1593 2279 1768 omne T quod est X sit _ R et omne T quod est Z sit S
736 1721 1146 1817 omne T est X vel Z
1261 1657 2314 1820 et T est R et S. sed T est continuum, ergo R et S
739 1763 1259 1884 ergo omne T est R vel S1
731 1716 2284 1955 habent segmantum commune quod est R es et S, ergo et quod est X et Z. qua
746 1896 1217 1990 erut demonstrandum
793 1845 2250 2044 Ostendendum est duo plana non comprehendere spatium, seu diverso plana non
756 1891 2240 2101 posse habere communem peripheriam. item estendendum est duo plana quae produc
746 1926 2289 2160 non coincidant pox sse habere partem communem. prorsus ut e duo similiacro, comata
798 2012 2309 2182 visentu est an certa methodo semper hic definire possim, quid ex assumta definition
739 2064 2232 2249 et hypothesi, consequatur: ito ut propositi a theorematis demonstratio, si exsu
2016 2116 2094 2194 e
721 2140 1969 2293 Mnino obtineri potest, certa methodo nalytica inde dedicatur
731 2172 2260 2345 ao ita etiam apparebit, quomodo diversae definitiones sibi aequipolleant, et
1818 2244 2082 2345 re mn
2173 2239 2247 2320 iu.
717 2285 1138 2406 quid  simplicsisimum.
428 1161 665 1221 Sectio est pars
441 1197 640 1258 quod commune
438 1226 643 1295 est duabus par-
426 1266 655 1334 tibus complentibus
2094 4298 2555 4352 Signatur: LH 3S, 12. 1. 1IIII. 56r
204 4288 682 4394 lo onc remuunc omionur
202 4325 682 4389 HEdeneneri ME rmorsmiorer
2000 2709 2109 2833 5b
