4925 4432
108 81 1260 221 orro Ingenia ad inveniendum apta vel
49 169 1194 317 Combinatoria vel magis Analytica sunt
40 260 1236 393 Combinatoria sunt quibus oblata quadam re statim
41 315 1374 462 alia res licet longe dissitae occurriat, quae cum hac utiliter
41 391 1223 541 intiliter componi possit d,
39 453 1632 615 inte d Hi ergo datae rei facile inveniunt usum in vita, ac
64 521 1280 672 datae regulae exemplum vel instantiam, et si qua
83 595 1250 743 historiola narretur facil mox aliam in promtu
78 652 1223 812 habent, narrataeque historiolae mox sim ilem
71 706 1250 864 aliam in promtu habent. Et qui hac facultate
83 782 1307 933 pollent similes mihi videntur Drebelio illi, quem
83 849 1295 1002 ajunt inter delambulandum per urbem, reperisse
83 906 1263 1061 lapidis plani fragmentum, qualibus platearum
83 962 1278 1135 pars altioo intidiorus sternitur; quod sustulerit.
78 1043 1221 1196 et postridie inter deambulandum rursus
83 1115 1218 1275 hiatum observasse, qui lapide illo exacte
71 1191 1408 1351 claudebatur, ita ut alter alteri factus vide debitus
88 1277 1201 1410 videretur, neque emineret quicquam, neque
68 1386 288 1479 deesset
93 1398 1319 1568 Analytica ingenia sunt, quae rem praesentem
68 1484 1329 1637 diligenter examinant, omnesque ejus partes rimantur
59 1561 1196 1716 sed alia longe remota alia invenire quae huc
73 1617 1391 1787 quadrent, facile non possunt. Unde sit ut communiter
86 1698 1445 1851 his judicium, Combinatoriis veri ingeniis, inventionem
64 1777 1206 1925 tribuamus, quanquam  quoncam nam ita
51 1856 1221 1991 immersi sunt praesentibus imaginibus, ut animum
54 1908 1263 2068 ad cetera ac longinqua prospicienda attollere
51 1989 1250 2137 non possint. Ex quibus sequitur sua naturm
46 2060 1214 2216 Combinatorium Ingenium analytico praestare,
49 2139 1191 2289 quoniam d sola  unusquisque Analyticus
51 2201 1305 2353 esse potest si velit, id est si patientiam examinandi
59 2280 1186 2417 adhibeat. Combinare vero remota promte
56 2383 426 2479 non est cujuvis
182 2440 1255 2585 Methodus inveniendi consistit
59 2538 1238 2693 in quodam Cogitandi filo id est regula
76 2624 1250 2762 transeundi de cogitatione in cogitationem.
81 2693 1312 2836 Cum enim Animus noster utatur imaginibus
83 2752 1329 2907 rerum sensibilium, consequens est, si imagines
91 2816 1317 2959 velut catena quadam   coectantur, cogitantem
103 2880 1457 3030 exerrare dummodo attendat, non posse. Quemadmodum
91 2947 1337 3107 ergo ad circulum accurate describendum Organo
71 3018 1415 3181 est opus, quo regatur manus, ita ad recte cogitandum
83 3107 1246 3250 Instrumentis quibusdam sensibilibus indigemus
71 3183 1278 3319 eoque magis, quo n quae ad duo summa capita
337 3232 1383 3365 Characteres, et Tabulas, quorum illis ad
81 3301 322 3378 reroco
76 3407 1218 3557 Equidem si semper res ipsas Characterem
71 3462 2208 3609 voco quicquid rem aliam cogitanti repraesentat. Repraesentare autem diatur quod ita
68 3528 2373 3688 eumque eo aptiorem, quo magis omnia res pondens; respondet, ut ex uno aliud cognosci possit
81 3621 1718 3762 respondent inquam, etsi similia non sint, dummodo certa quadam
100 3705 1504 3818 regula sive relatione omnia quae siunt in uno referantur
137 3757 1246 3891 ad quaedam respondentia illis in alio
59 3321 1224 3456 Analysin egemus his ad Combinationem
2511 78 3999 194 Nam ad repraesentandum non esse opus similitudine, quod
2519 150 3954 288 patet ex Ellipsi quae circuli projectio est  in tabella
2516 228 3755 369 eumque omnibus repraesentat spectatori distincte satis,
2519 302 3802 438 et per partes, cum tamen similis ei nec sit nnec esse
2516 369 3767 521 debeat. Et quae potest intelligi similitudo inter
2528 448 3853 578 Characterem Arithmeticos, et numeros sive unitatum
2514 512 3816 679 repetitiones? Nihilo minus characteres quibus utimur,
2501 578 3752 748 numeros ita exacte repraesentant, ut
2499 657 3834 822 proprietates numerorum inveniantur per characteres.
2632 750 3775 913 Equidem si res ipsas possemus semper habere
2506 847 3693 984 ante oculos, ut feras in vinariis aut sceleta in
2516 903 3858 1078 theatris anatomicis characteribus eas, repraesentantibus
2516 965 4087 1154 minus indigeremus. sed Et fuldor dandam operum ut struatur
2513 1058 3836 1221 Theatrum naturae atque artis, in quo Res
2515 1137 3678 1300 resps vivae quoad fieri potest conserventur,
3942 1206 4132 1285 mentorum
2513 1194 3910 1364 ubi non potest, mortuorum exuriae, deperditorum varia
2519 1253 4141 1440 simulacra ad vivum; m deinde Variarum constunctionu atque
2528 1314 4176 1511 machinarum Moduli habeantur. His inde enim ante oculos positis
2511 1398 3730 1585 saepe nullo negotio consequemur, quae vix alias
2521 1487 3720 1652 multa meditatione. Ita memini amicum, qui
2533 1553 3686 1706 formam munimenti a se propositam multis,
2521 1610 3792 1775 diversis modis exhibere volebat optice, pertaesum
2531 1686 3765 1839 Nimiae linearum multitudinis quas ducere opus
2533 1753 3728 1915 erat, brevissimam hanc deprehendisse, viam, si
2531 1804 3851 1984 munimentum ipsum elaboraret in soido quo facto
2541 1888 3851 2046 mox nullo negotio varios ejus prospectus in plano
2548 2011 2903 2117 delineavit.
3048 1947 3917 2085 A modulis proximae sunt figurae
2521 2023 3760 2201 Sed cum Sed cum Sed cum Moduli solidi
2514 2090 3863 2265 non semper haberi in promtu possint, et si habeantur
2533 2171 3770 2348 aModulis proximae sunt figurae planae
2531 2272 3725 2410 sive in charta sive in Instrumentis delineatae
2528 2319 3802 2489 quas certe, quibusres exhibentur
2536 2390 3752 2565 quales oculis objiciuntur. Caeterum et Modulos
2541 2467 3789 2637 et Figuras inter characteres referre possis;
2551 2531 3856 2703 nam manifestum est nec sphaeram torno elaborari
2543 2582 4119 2787 possi, nec circulum circino duci, qui siilis sit congruat
2548 2664 3905 2848 illi circulo illique sphaerae, cujus essentiam definitione
2553 2752 3713 2922 Cognoscimus; itaque caracterum tantum locum
2553 2819 3538 2996 implent. Hujumodi characteres sunt
2652 2884 3858 3072 Est autem inrebus ipsis in Modulis, in figuris
2536 2966 3976 3139 haec imperfectio, ut tot modis quot menti ratiocinaturae
2536 3058 3733 3218 opus est tractari commode non possint inque
2548 3139 3802 3284 omnes partes versari satis commode non possint:
2526 3198 3743 3351 Saepe enim decem amplius mod rei exem plaribus
2526 3250 3900 3417 sive individuis rerum, sive exemplaribus modulorum
2528 3319 3986 3474 esset opus, quae nec sine sumtu haberi, nec saepe tractari ac
2516 3390 3942 3555 transfigurari possunt. Itaque satis mirari non potui
2506 3484 3752 3636 Josephum scaligerum magnum in literis virum
2494 3557 3802 3693 credidisse potuisse credere Archimede quadraturam
2546 3612 3981 3767 Parabolae inventam experimentis  quam non dubito
2551 3683 3794 3833 eum uno ictu  i pervidisse, vix vix inutili
2634 3747 4018 3910 aliquot septimanarum taedio per modulos habendam
1526 2983 2408 3100 F idque eo magis quo minus exercitati
1536 3035 1672 3164 sumus
1792 3210 2253 3299 inventaria rerum per
2206 3378 2437 3428 dsoemata
1270 3294 2410 3411 sunt autem Tabulae nihil aliud quam characterum
374 4203 1209 4271 COTTFRED NILHIEIM LEIBNIIZ BIBLIOTHIER
4306 4203 4747 4279 Sionatur: (tI 35. 1. 27. 1121. 6u
357 4276 1209 4343 NIEDERSACHSISCHE LANDESBIBLIOTHEN
