2142 2840
501 282 1968 361 Chore : 0ar 0-0-0- otete e8 1-1=N13 14 cec
513 366 1995 459 Par ce principe on peut arriver a der solutions
513 448 2012 539 qui peroissent inarrivables par toute autre voye
508 517 1969 627 Cependant il sera bon de passer avec le tempe,
467 602 1993 692 der expressions binaires aux autrer, pour truver
522 675 2020 765 les regles memer der variations. et Arithmeti–
525 739 2009 844 que comparative ec serroit le plus sunt point de la
531 825 1305 900 connoissance des nombres.
557 885 1974 975 I servit dommage, Monsieur, que vor belle
538 956 2003 1041 recherches sur ce suiet demeurassent enseveliea
546 1038 1966 1120 etinsi je vour conjure att nom du public, de
542 1109 1987 1195 continuer dy pensen autunt que des orrupatione
541 1192 2029 1268 plus necessaires ou plus revenantes vous le permettent,
539 1254 1982 1350 de ne doute point que vous ne determinassies
544 1331 2026 1426 aisement ler loix der periodes der puissances .
549 1423 2029 1509 vous preries la peine de vous is appliquet. Cour
560 1500 2033 1579 moy content d'evoir donne quelque ouverture
552 1585 2026 1667 ge craius que je n'y feray jamais grano chose sau
547 1650 1960 1745 estre assiote. Car outre queje commence a ne
552 1730 1403 1820 pluc asset portet le travai
1442 1738 1995 1839 der mediations, et
549 1801 1370 1893 sur tout der calcule; je ne
1400 1811 1644 1901 Pauroii
1685 1827 2004 1909 dire combie
546 1890 1635 1965 d'ailleurs se me trouve auable.
705 1967 2020 2059 Avant que de finir puisque vous parles
495 2046 2012 2134 de Muohines Arithmetiques, et entre atres
211 2554 249 2570 et
1 2533 2137 2630 EP  Iq IP NINIIIEIEPU IM HINIIUNQIINUN mI
1141 2627 1218 2677 2O
1254 2620 1452 2682 2L I2
1490 2622 1573 2680 23
1599 2620 1687 2680 LA
1733 2620 1802 2677 25
1842 2623 1925 2682 26
142 2731 535 2770 SOTTFRIED MILTIELMLEIBTIIZ BIBVOTTEX
1523 2734 1936 2783 Signatur: LH3S, 4, 2O. (I2I.Se
116 2759 541 2803 MMEOERSICHISISCIIE LNVOESBIBUOMMEE
