2852 4482
1155 522 2030 597 Figuras iu utras ejusdem genensseu
1163 560 1965 647 ordinis Analytici transuntare
1330 610 2000 704 sit transumlanda HG1.
1419 659 2022 744 ducantur parallela AO, BL
1424 714 1985 789 tertiam positione datam A1
1434 766 1967 839 secant es in A et B. a figurae
1449 801 2015 878 puncto quovis G ad rectam AB
1449 851 2039 928 ducatur Gd parallela ipsi A
1482 893 1982 968 dende ex puncto aliquo e
1437 928 2012 1015 linea OA dato ad punctum
1337 981 2042 1060 ducatur recta od ipsi BL occurrem
1036 1025 2037 1120 in d et a puncto occursus erigatur recta Gd
1028 1078 1987 1182 gd datum quemvis angulum cum recta BL
1026 1122 1990 1237 continens atque eam habens ravem ad Od qua
1028 1170 2007 1277 habet Gd, ad Od et erit g. punctum figurae nova
1033 1222 1970 1344 hgi, ipsi G respondensens. Hinc si GG est
1018 1269 2017 1394 recta etium 9g eut recta,i utraque conica
1023 1307 2025 1436 Comprehendendo rectas sub sonicis) utraque ejusde
1058 1362 2027 1479 ordinis Analytici seu epusdem numeri dimensui
1033 1391 2039 1533 erit quad Et recta longens in una translali
1023 1441 2000 1583 in alteram erit etiam ragens. Utiles hoc
1006 1494 2035 1618 transcuntuo ad solvendu problemata per figurus
1021 1543 2057 1675 faciliv, ut quergendes transumtando in parallela
1013 1596 2059 1728 Et u problema solvitur per duas sectiones conicas
1002 1648 2025 1767 facile est na eam transmutare in rectarm
1003 1695 2052 1827 Et recta cum conica vertitur in recta cum circula
1783 2308 1905 2392 fi
572 2315 824 2425 Nb. 1674
859 2315 963 2432 eguae
1011 2308 1768 2420 den Anguli sectione. xb
445 2385 2393 2544 Iac Gregorius prop. 69. suae Germetriae  Curvilineorum haec habet:
1185 2467 2391 2582 si circuli eircumferentia dividatur  in partes quorcunue
1222 2522 2408 2634 aequales et numero impares, et a quolibet
1225 2602 2304 2696 peripheriae puncto ad omnes ejusdem divisiones
1235 2666 2326 2766 rectae ducantur, si circulus dividatur in partes
1282 2729 2386 2821 tres aequales erit summa primarum aequalis
1277 2788 2331 2890 ultimae; si in quinque erit summa primarum
1273 2856 2356 2953 ultiinae aequalis summae secundarum, si in
1289 2928 2366 3015 septem eut suma sumpra primarum
1272 2980 2448 3085 et tertrarum aequalis secundarum &t ultimes
1295 3052 2383 3139 si in novem erit summa primam certearum
1267 3100 2358 3192 eultimae aequalis simmmae secundarum &
1232 3154 2346 3249 Nactarum, X ita deinceps in infinitum.
1214 3214 2358 3331 ut in figuru abi circulus in novem partes
1219 3296 1561 3403 divisqus, erit:
1785 1902 1890 1982 1od
2110 2302 2368 2363 eA Sdicite
2152 4332 2712 4407 Sisnatut. Lf36. 12. 1. 12151. 1081
