<?xml version="1.0" encoding="UTF-8"  standalone="yes"?>
<PcGts xmlns="http://schema.primaresearch.org/PAGE/gts/pagecontent/2019-07-15" xmlns:xsi="http://www.w3.org/2001/XMLSchema-instance" xsi:schemaLocation="http://schema.primaresearch.org/PAGE/gts/pagecontent/2019-07-15 http://schema.primaresearch.org/PAGE/gts/pagecontent/2019-07-15/pagecontent.xsd">
  <Metadata>
	<Creator>escriptorium</Creator>
	<Created>2026-01-14T16:10:19.552827+00:00</Created>
        <LastChange>2026-01-14T16:10:19.552863+00:00</LastChange>

  </Metadata>
  <Page imageFilename="LH_37_3_0103r.jpg" imageWidth="3291" imageHeight="4788">

    
    <TextRegion id="r6"  custom="structure {type:MainZone;}">
      <Coords points="126,2432 136,4613 2262,4600 2255,4436 1677,4491 1663,4398 1790,4434 1962,4395 1968,4341 1818,4297 1783,4197 1684,4125 1730,4066 1753,3995 1664,3981 1768,3514 1942,3517 1943,3398 1713,3409 1890,3021 1825,2451 1731,2338 1723,2158 1832,1755 1665,1710 1735,1203 1709,719 1816,733 1867,612 1670,563 1735,444 1750,117 145,79"/>
      
      
      <TextLine id="eSc_line_12abc41a" custom="structure {type:default;}">
        <Coords points="1660,143 1633,138 1606,135 1593,133 1463,133 1463,130 1426,117 1423,117 1420,117 1319,130 1311,130 1266,106 1263,106 1261,106 1141,119 1133,109 1130,109 1130,106 1128,106 1125,106 1122,106 1120,106 1061,127 1013,103 1010,103 947,103 944,103 941,103 939,103 939,106 925,117 909,103 907,103 904,103 901,103 779,117 675,103 665,103 582,127 577,127 574,127 508,114 489,114 478,114 452,127 316,127 313,125 303,127 276,127 250,130 223,130 196,133 170,135 146,135 146,172 144,191 144,202 274,215 276,215 279,215 305,204 348,188 407,207 436,215 438,215 441,215 444,215 476,207 542,188 587,204 590,204 593,204 657,194 673,207 675,207 678,207 681,207 872,199 939,212 944,212 947,212 949,212 995,191 1112,191 1151,215 1154,215 1157,215 1287,220 1290,220 1292,220 1295,220 1298,218 1319,202 1338,212 1340,212 1343,212 1346,212 1348,212 1370,194 1441,194 1481,218 1481,220 1484,220 1487,220 1489,220 1500,220 1598,194 1628,218 1628,220 1630,220 1633,220 1636,223 1713,223 1716,175 1697,148 1686,148"/>
        <Baseline points="146,172 720,164 1716,175"/>
        <TextEquiv conf="0.9854185525761094">
          <Unicode>massae aereae extra Tubum Mercurio suspenso</Unicode>
        </TextEquiv>
      </TextLine>

      
      
      <TextLine id="eSc_line_3f84ea64" custom="structure {type:default;}">
        <Coords points="172,292 250,284 263,292 287,308 289,308 292,308 295,311 407,311 407,308 409,308 412,308 412,305 428,292 457,303 460,303 462,303 582,289 641,281 681,287 795,305 798,305 1008,281 1053,279 1058,281 1077,295 1080,295 1082,295 1085,295 1088,295 1114,281 1117,281 1170,303 1173,303 1175,305 1282,305 1282,303 1396,300 1399,300 1447,276 1449,276 1457,276 1556,300 1559,300 1662,273 1665,247 1660,196 1540,188 1537,188 1535,188 1532,188 1532,191 1524,196 1513,207 1479,199 1471,196 1468,196 1465,196 1463,196 1457,199 1428,210 1415,199 1402,188 1399,188 1396,188 1351,188 1348,188 1346,188 1319,202 1300,212 1165,212 1144,204 1120,194 1117,194 1114,194 1018,204 963,212 955,207 944,196 941,196 939,196 936,196 933,196 909,207 891,218 763,218 744,210 697,194 694,194 691,194 689,194 625,212 611,215 609,212 590,196 587,196 585,196 444,196 441,196 343,215 332,218 329,218 303,196 300,196 297,196 295,196 292,196 252,218 170,218 172,258"/>
        <Baseline points="172,258 1665,247"/>
        <TextEquiv conf="0.9833207635775857">
          <Unicode>contraponderat hinc eadem semper ejus altitudo</Unicode>
        </TextEquiv>
      </TextLine>

      
      
      <TextLine id="eSc_line_70beb2c9" custom="structure {type:default;}">
        <Coords points="156,369 335,383 337,383 340,383 343,383 359,372 369,364 534,361 593,372 617,377 619,377 622,377 633,372 665,361 734,375 774,380 776,380 830,377 832,377 835,377 835,375 838,375 851,359 947,359 1002,375 1018,380 1021,380 1024,380 1077,375 1242,359 1335,377 1343,377 1346,377 1348,377 1351,377 1372,359 1428,377 1431,377 1433,380 1646,380 1649,335 1644,268 1428,271 1426,271 1423,271 1423,273 1388,297 1290,279 1287,279 1285,279 1282,279 1282,281 1261,300 1167,300 1144,279 1136,271 1133,271 1130,271 1128,271 1125,271 1096,281 1053,295 1016,281 984,271 981,271 979,271 976,271 944,284 912,297 867,287 816,273 814,273 811,273 808,273 806,273 784,289 776,295 766,289 736,273 734,273 619,273 617,273 614,273 550,295 529,300 489,295 436,289 433,289 154,303 156,348"/>
        <Baseline points="156,348 550,335 1649,335"/>
        <TextEquiv conf="0.986407811337329">
          <Unicode>quaecunque sit altitudo Tuborum. Hoc ut clarius</Unicode>
        </TextEquiv>
      </TextLine>

      
      
      <TextLine id="eSc_line_f29fa419" custom="structure {type:default;}">
        <Coords points="148,473 404,486 407,486 492,470 534,462 553,470 587,484 590,484 593,484 595,484 638,468 649,462 760,460 771,468 784,478 787,478 790,478 792,478 795,478 832,465 856,460 875,465 923,481 925,481 928,481 1026,465 1064,457 1074,462 1088,476 1090,476 1093,476 1175,478 1178,478 1181,478 1183,478 1183,476 1186,476 1197,462 1239,476 1242,476 1245,476 1247,476 1300,460 1324,454 1343,460 1375,470 1378,470 1380,470 1428,460 1460,452 1471,460 1492,473 1495,473 1497,473 1500,473 1713,454 1716,422 1708,372 1572,383 1561,372 1543,356 1543,353 1540,353 1537,353 1535,353 1532,353 1503,367 1399,356 1396,356 1394,356 1338,377 1322,383 1314,377 1303,369 1300,369 1298,369 1295,369 1237,380 1229,380 1226,380 1213,367 1213,364 1210,364 1207,364 1205,364 1202,364 1170,380 1154,391 1053,391 1042,383 1013,359 1010,359 1008,359 955,359 952,359 949,359 947,359 907,385 899,391 630,393 625,388 601,367 601,364 598,364 595,364 430,364 428,364 425,364 423,364 375,393 369,396 356,393 289,380 287,380 146,396 148,438"/>
        <Baseline points="148,438 1716,422"/>
        <TextEquiv conf="0.983437934747109">
          <Unicode>intelligatur Experimentum fiat in aqua sed Elastica,</Unicode>
        </TextEquiv>
      </TextLine>

      
      
      <TextLine id="eSc_line_0fea70ca" custom="structure {type:default;}">
        <Coords points="172,571 345,547 393,566 396,566 399,566 401,566 473,545 635,561 662,563 665,563 667,563 670,563 673,561 702,542 787,539 859,555 899,563 901,563 904,563 923,553 955,537 1002,550 1005,550 1008,550 1010,550 1064,542 1074,550 1088,558 1090,558 1093,558 1096,558 1170,553 1173,553 1175,553 1175,550 1178,550 1181,545 1186,539 1199,545 1218,558 1221,558 1223,558 1226,558 1428,553 1431,553 1471,537 1487,532 1500,537 1519,545 1521,545 1524,545 1527,545 1529,545 1540,537 1548,529 1569,534 1630,550 1633,550 1636,550 1638,550 1673,532 1673,502 1668,454 1447,460 1433,457 1372,446 1370,446 1197,462 1167,465 1154,465 1082,452 1080,452 1077,452 1074,452 1074,454 1061,465 1058,470 920,470 909,470 843,457 840,457 768,473 760,473 736,473 521,462 518,462 516,462 468,478 465,478 423,465 420,465 417,465 170,484 172,524"/>
        <Baseline points="172,524 1125,500 1673,502"/>
        <TextEquiv conf="0.9936365234851837">
          <Unicode>qualis est calida seu quae comprimi potest, qualis</Unicode>
        </TextEquiv>
      </TextLine>

      
      
      <TextLine id="eSc_line_c559ef7a" custom="structure {type:default;}">
        <Coords points="180,638 231,654 234,654 236,654 239,654 242,654 266,635 279,627 295,635 332,654 335,654 337,654 486,651 489,651 556,627 561,627 566,627 670,649 673,649 675,649 678,649 715,625 728,614 755,622 790,633 792,633 795,633 798,633 819,622 832,614 923,617 1069,625 1072,625 1074,625 1077,625 1093,614 1104,609 1157,611 1175,611 1210,641 1213,641 1215,641 1218,641 1340,638 1487,603 1609,622 1612,622 1614,622 1617,622 1644,601 1644,590 1641,547 1585,534 1582,534 1497,547 1473,529 1471,529 1468,529 1465,529 1314,550 1056,534 1053,534 931,537 928,537 875,555 752,545 750,545 643,561 595,545 593,545 590,545 478,563 393,545 391,545 388,545 348,566 236,550 234,550 231,550 178,569 180,609"/>
        <Baseline points="180,609 992,582 1644,590"/>
        <TextEquiv conf="0.9778070190678472">
          <Unicode>est calida, aut quae aerem habet immixtum Esto</Unicode>
        </TextEquiv>
      </TextLine>

      
      
      <TextLine id="eSc_line_84113d68" custom="structure {type:default;}">
        <Coords points="1535,667 1614,654 1614,633 1614,601 1535,595 1535,633"/>
        <Baseline points="1535,633 1614,633"/>
        <TextEquiv conf="0.9985767006874084">
          <Unicode>qua</Unicode>
        </TextEquiv>
      </TextLine>

      
      
      <TextLine id="eSc_line_25100a6b" custom="structure {type:default;}">
        <Coords points="1567,635 1540,635 1535,627 1426,619 1402,619 1399,619 1396,619 1394,619 1394,622 1364,643 1266,643 1239,625 1229,617 1226,617 1223,617 1106,617 1104,617 1101,617 1098,617 1080,627 1056,643 1032,630 1013,619 1010,619 1008,619 1005,619 960,630 912,643 814,635 681,622 678,622 675,622 673,622 673,625 657,638 649,646 617,638 537,622 534,622 532,622 484,643 465,651 417,651 407,643 383,627 380,627 377,627 375,627 372,627 337,646 332,649 327,646 287,630 284,630 282,630 279,630 247,649 242,651 156,651 159,699 159,720 297,739 300,739 303,739 305,739 329,723 343,712 412,723 452,728 454,728 457,728 468,723 494,710 627,710 649,723 659,734 662,734 665,734 667,734 670,734 699,723 747,707 907,707 928,726 936,731 936,734 939,734 941,734 944,736 1064,736 1064,734 1066,734 1082,726 1114,707 1144,726 1146,726 1149,726 1151,726 1154,726 1191,712 1372,728 1423,731 1426,731 1444,728 1540,704 1569,728 1572,728 1574,728 1577,728 1580,728 1638,712 1702,728 1708,665 1694,614 1644,638 1593,633 1593,635"/>
        <Baseline points="159,699 667,675 1652,678 1708,665"/>
        <TextEquiv conf="0.9736129840215048">
          <Unicode>Tubus Torricellianus cum vase subjecto positus in aqua</Unicode>
        </TextEquiv>
      </TextLine>

      
      
      <TextLine id="eSc_line_65f42f0c" custom="structure {type:default;}">
        <Coords points="1742,659 1745,724 1778,728 1818,728 1836,685 1835,654 1823,601 1735,579"/>
        <Baseline points="1742,659 1835,654"/>
        <TextEquiv conf="0.966225016117096">
          <Unicode>Canso</Unicode>
        </TextEquiv>
      </TextLine>

      
      
      <TextLine id="eSc_line_ac145c36" custom="structure {type:default;}">
        <Coords points="172,813 343,795 502,808 505,808 508,808 510,808 510,805 532,790 681,790 705,803 707,803 710,803 713,803 715,803 718,803 718,800 734,787 872,787 899,805 901,805 904,805 907,805 909,805 912,805 963,784 1109,803 1128,803 1130,805 1223,805 1223,803 1226,803 1231,800 1258,787 1694,792 1697,750 1692,715 1598,715 1577,694 1577,691 1574,691 1572,691 1569,691 1567,691 1481,715 1479,715 1473,715 1199,702 1197,702 1194,702 1149,718 1114,696 1112,696 1109,696 1042,696 1040,696 1037,696 1034,696 1034,699 1013,718 984,707 981,707 979,707 976,707 973,707 955,720 856,699 697,699 694,699 691,699 662,712 569,704 566,704 564,704 521,723 353,704 351,704 348,704 289,728 170,728 172,776"/>
        <Baseline points="172,776 569,755 1697,750"/>
        <TextEquiv conf="0.9703194921215376">
          <Unicode>ponderis tantae altitudinis, ut Mercurium elevet</Unicode>
        </TextEquiv>
      </TextLine>

      
      
      <TextLine id="eSc_line_495bc72d" custom="structure {type:default;}">
        <Coords points="172,888 220,875 268,885 300,893 303,893 305,893 308,893 321,885 343,872 385,883 409,888 412,888 415,888 417,888 420,888 428,883 444,869 489,880 540,891 542,891 545,891 572,877 593,867 707,864 766,872 824,880 827,880 830,880 832,880 832,877 835,877 840,869 848,861 864,869 885,877 888,877 891,877 979,867 997,864 1002,864 1048,885 1050,885 1053,885 1298,880 1300,880 1303,880 1303,877 1330,856 1332,853 1338,856 1386,869 1388,869 1391,869 1394,869 1396,869 1415,853 1418,851 1420,853 1471,877 1473,877 1476,877 1644,875 1646,875 1649,875 1694,848 1694,813 1689,779 1516,766 1513,766 1439,782 1404,763 1402,763 1399,763 1396,763 1338,784 1335,784 1332,784 1245,768 1242,768 1239,768 1197,787 1197,790 1053,790 1050,790 979,771 976,771 973,771 971,771 920,787 901,774 899,774 896,774 893,774 782,776 779,776 742,795 630,779 627,779 625,779 569,800 564,800 561,800 526,790 524,790 521,790 292,803 247,787 244,787 242,787 239,787 167,805 170,851"/>
        <Baseline points="170,851 619,829 1694,813"/>
        <TextEquiv conf="0.9788123952581528">
          <Unicode>ad tantam eandem altitudinem quae et Baroscopii</Unicode>
        </TextEquiv>
      </TextLine>

      
      
      <TextLine id="eSc_line_e51c6689" custom="structure {type:default;}">
        <Coords points="162,949 266,949 271,949 313,965 316,965 319,965 321,965 356,952 375,968 375,970 377,970 380,970 383,973 436,973 436,970 556,949 595,944 755,944 784,949 859,965 861,968 955,968 955,965 957,965 997,949 1026,938 1109,938 1122,949 1138,962 1141,962 1144,962 1146,962 1207,949 1266,936 1394,936 1436,949 1476,960 1479,960 1481,960 1484,960 1521,949 1543,941 1556,949 1574,957 1577,957 1580,957 1697,946 1700,909 1694,864 159,869 162,923"/>
        <Baseline points="162,923 997,907 1700,909"/>
        <TextEquiv conf="0.9573658279010228">
          <Unicode>necesse est BE. Reliquus Mercurius aere ordinario</Unicode>
        </TextEquiv>
      </TextLine>

      
      
      <TextLine id="eSc_line_9b29ef48" custom="structure {type:default;}">
        <Coords points="220,1071 415,1042 415,1002 404,928 212,970 218,1016"/>
        <Baseline points="218,1016 415,1002"/>
        <TextEquiv conf="0.9960771918296814">
          <Unicode>pleno</Unicode>
        </TextEquiv>
      </TextLine>

      
      
      <TextLine id="eSc_line_bafaaba2" custom="structure {type:default;}">
        <Coords points="713,1064 803,1045 861,1058 880,1061 883,1061 907,1056 973,1040 1000,1053 1008,1056 1010,1056 1013,1056 1064,1048 1064,1008 1058,957 971,944 968,944 710,965 713,1018"/>
        <Baseline points="713,1018 1064,1008"/>
        <TextEquiv conf="0.9664524753888448">
          <Unicode>Mercurio plenus</Unicode>
        </TextEquiv>
      </TextLine>

      
      
      <TextLine id="eSc_line_93f27587" custom="structure {type:default;}">
        <Coords points="1104,1061 1199,1061 1205,1032 1205,989 1109,984 1106,1024"/>
        <Baseline points="1106,1024 1205,1032"/>
        <TextEquiv conf="0.9835224151611328">
          <Unicode>cum</Unicode>
        </TextEquiv>
      </TextLine>

      
      
      <TextLine id="eSc_line_e27149b6" custom="structure {type:default;}">
        <Coords points="212,1138 327,1127 457,1135 505,1138 508,1138 510,1138 513,1138 516,1135 532,1122 585,1133 617,1138 619,1138 622,1138 641,1130 675,1119 790,1127 901,1135 904,1135 992,1122 1029,1117 1034,1122 1045,1130 1045,1133 1048,1133 1050,1133 1053,1133 1112,1119 1138,1114 1173,1117 1266,1130 1269,1130 1271,1130 1274,1130 1295,1114 1300,1114 1364,1127 1367,1127 1455,1111 1457,1111 1508,1127 1511,1127 1513,1127 1601,1106 1601,1077 1596,1021 1439,1021 1436,1021 1433,1021 1431,1021 1431,1024 1428,1024 1412,1040 1375,1026 1370,1024 1367,1024 1364,1024 1362,1024 1356,1026 1322,1042 1077,1034 1000,1032 997,1032 965,1037 899,1050 819,1050 803,1042 776,1029 774,1029 771,1029 768,1029 766,1029 750,1042 742,1048 728,1042 691,1029 689,1029 686,1029 545,1032 542,1032 510,1048 444,1032 441,1032 438,1032 436,1032 396,1053 393,1053 391,1053 359,1042 356,1042 353,1042 210,1056 212,1093"/>
        <Baseline points="212,1093 1601,1077"/>
        <TextEquiv conf="0.9885374812976174">
          <Unicode>Esto Tubus Torricellianus AB. vase subrecto C.</Unicode>
        </TextEquiv>
      </TextLine>

      
      
      <TextLine id="eSc_line_5dc3f521" custom="structure {type:default;}">
        <Coords points="236,1218 353,1218 353,1215 356,1215 359,1215 359,1212 380,1197 457,1212 468,1212 470,1212 473,1212 476,1212 476,1210 494,1191 550,1210 553,1210 556,1210 558,1210 561,1210 564,1210 606,1191 638,1204 641,1204 643,1204 758,1189 803,1202 806,1202 808,1202 909,1183 941,1197 944,1197 947,1197 949,1197 952,1197 952,1194 968,1178 1138,1178 1165,1197 1167,1197 1170,1197 1173,1197 1199,1197 1481,1170 1692,1183 1694,1143 1689,1109 1604,1090 1601,1090 1598,1090 1540,1109 1085,1101 1082,1101 1080,1101 1077,1101 1053,1117 936,1106 933,1106 931,1106 928,1106 928,1109 912,1122 760,1109 758,1109 755,1109 715,1127 614,1114 611,1114 609,1114 556,1130 513,1114 510,1114 508,1114 505,1114 502,1114 473,1133 356,1117 353,1117 234,1138 236,1175"/>
        <Baseline points="236,1175 1694,1143"/>
        <TextEquiv conf="0.947178316967828">
          <Unicode>pusitu eodem Mercurio ple eundem Mercurium</Unicode>
        </TextEquiv>
      </TextLine>

      
      
      <TextLine id="eSc_line_1786b167" custom="structure {type:default;}">
        <Coords points="228,1300 383,1282 449,1290 452,1290 454,1290 457,1290 484,1274 657,1292 694,1295 697,1295 699,1295 702,1295 707,1290 739,1268 883,1276 885,1276 1021,1263 1048,1282 1050,1282 1053,1282 1136,1284 1138,1284 1141,1284 1144,1284 1151,1279 1186,1258 1285,1258 1298,1271 1298,1274 1300,1274 1303,1274 1306,1274 1316,1274 1386,1263 1396,1271 1402,1276 1404,1276 1407,1276 1410,1276 1721,1260 1721,1220 1718,1181 1638,1159 1636,1159 1633,1159 1399,1165 1396,1165 1351,1189 1346,1191 1207,1191 1202,1191 1149,1173 1146,1173 1144,1173 1141,1173 1138,1173 1114,1191 1114,1194 1109,1191 1050,1173 1048,1173 1045,1173 1042,1173 995,1194 989,1197 971,1197 859,1183 856,1183 707,1202 691,1202 665,1183 662,1183 659,1183 657,1183 654,1183 617,1202 611,1207 532,1207 524,1204 481,1186 478,1186 476,1186 473,1186 438,1204 372,1194 369,1194 367,1194 337,1210 329,1212 226,1212 228,1255"/>
        <Baseline points="228,1255 933,1231 1721,1220"/>
        <TextEquiv conf="0.9692919413248698">
          <Unicode>continente positus in  vase aere clauso pleno</Unicode>
        </TextEquiv>
      </TextLine>

      
      
      <TextLine id="eSc_line_c32f8ec1" custom="structure {type:default;}">
        <Coords points="236,1391 332,1364 399,1377 401,1377 404,1377 452,1356 585,1375 587,1375 590,1375 593,1375 595,1375 633,1351 705,1364 707,1364 710,1364 713,1364 736,1348 822,1348 875,1361 909,1372 912,1372 915,1372 976,1359 1050,1340 1104,1351 1162,1364 1165,1364 1167,1364 1205,1348 1231,1335 1298,1343 1423,1359 1426,1359 1588,1353 1590,1353 1681,1324 1681,1298 1673,1258 1455,1260 1452,1260 1433,1247 1431,1247 1428,1247 1426,1247 1340,1263 1322,1266 1253,1266 1058,1260 1056,1260 1002,1271 981,1274 971,1271 931,1258 928,1258 925,1258 923,1258 920,1258 920,1260 907,1271 901,1276 854,1274 731,1263 728,1263 627,1266 625,1266 622,1266 603,1279 598,1282 577,1279 545,1274 542,1274 540,1274 537,1274 537,1276 532,1279 524,1287 486,1282 444,1274 441,1274 231,1284 234,1348"/>
        <Baseline points="234,1348 417,1330 931,1311 1681,1298"/>
        <TextEquiv conf="0.9733033499052358">
          <Unicode>Tubo AB ita inverso, ut orificium B perpen–</Unicode>
        </TextEquiv>
      </TextLine>

      
      
      <TextLine id="eSc_line_587e62fc" custom="structure {type:default;}">
        <Coords points="236,1463 489,1449 505,1457 524,1465 526,1465 529,1465 585,1455 675,1436 720,1452 742,1457 744,1457 747,1457 750,1457 774,1449 824,1433 846,1447 851,1452 854,1452 856,1452 859,1452 899,1447 1042,1423 1183,1423 1199,1436 1199,1439 1202,1439 1205,1439 1207,1439 1231,1436 1407,1417 1423,1431 1426,1431 1428,1431 1431,1431 1625,1425 1625,1383 1612,1319 1582,1337 1394,1343 1314,1332 1261,1327 1258,1327 1255,1327 1221,1337 1181,1351 1157,1340 1136,1332 1133,1332 1130,1332 976,1337 973,1337 947,1351 925,1361 726,1367 710,1361 675,1348 673,1348 670,1348 553,1369 516,1375 476,1372 319,1361 316,1361 313,1361 231,1383 236,1431"/>
        <Baseline points="236,1431 1021,1393 1625,1383"/>
        <TextEquiv conf="0.977844229210978">
          <Unicode>diculariter in vas c intret, Mercurius omnis e</Unicode>
        </TextEquiv>
      </TextLine>

      
      
      <TextLine id="eSc_line_5082a726" custom="structure {type:default;}">
        <Coords points="183,1542 697,1542 697,1540 699,1540 723,1532 787,1510 899,1510 936,1529 939,1529 941,1529 949,1529 1085,1505 1183,1521 1186,1521 1189,1521 1223,1502 1473,1521 1500,1521 1503,1521 1505,1521 1511,1518 1564,1500 1582,1518 1585,1518 1585,1521 1588,1521 1590,1521 1593,1521 1596,1521 1606,1518 1646,1505 1692,1515 1701,1451 1700,1433 1601,1433 1572,1415 1569,1415 1567,1415 1564,1415 1561,1415 1519,1433 1290,1425 1287,1425 1173,1439 1157,1425 1154,1425 1151,1425 1149,1425 1146,1425 1144,1425 1122,1441 1090,1428 1088,1428 1085,1428 1082,1428 1021,1444 949,1425 947,1425 944,1425 824,1428 822,1428 819,1428 792,1449 689,1431 686,1431 561,1455 556,1455 553,1455 436,1436 433,1436 289,1460 287,1460 212,1441 210,1441 207,1441 204,1441 202,1441 180,1452 183,1505"/>
        <Baseline points="183,1505 1002,1476 1697,1476"/>
        <TextEquiv conf="0.9664801738478921">
          <Unicode>Tubo effluet, praeter altitudinem 27. circiter pollicum</Unicode>
        </TextEquiv>
      </TextLine>

      
      
      <TextLine id="eSc_line_6ad7b19f" custom="structure {type:default;}">
        <Coords points="159,1633 170,1641 172,1641 175,1641 178,1641 180,1641 183,1641 204,1627 220,1614 385,1611 428,1622 470,1635 473,1635 476,1635 478,1635 481,1635 481,1633 494,1622 508,1606 611,1606 699,1619 720,1622 723,1622 726,1622 728,1622 728,1619 731,1619 744,1606 790,1619 824,1627 827,1627 830,1627 880,1617 971,1598 1008,1617 1024,1622 1026,1622 1029,1622 1098,1614 1173,1606 1226,1614 1258,1617 1261,1617 1263,1617 1274,1611 1322,1590 1436,1609 1439,1609 1441,1609 1495,1590 1529,1609 1532,1609 1535,1609 1641,1606 1641,1553 1636,1505 1463,1494 1460,1494 1394,1508 1386,1510 1378,1510 1338,1497 1335,1497 1332,1497 1263,1513 1253,1513 1245,1513 1173,1500 1170,1500 1167,1500 1128,1516 1122,1516 1117,1516 1074,1502 1072,1502 1069,1502 1066,1502 1064,1502 1064,1505 1061,1505 1053,1516 1050,1518 1018,1516 880,1508 877,1508 811,1521 795,1524 750,1524 566,1516 564,1516 489,1529 468,1532 452,1529 396,1518 393,1518 391,1518 388,1518 369,1532 361,1537 156,1537 159,1598"/>
        <Baseline points="159,1598 572,1572 1641,1553"/>
        <TextEquiv conf="0.993954519862714">
          <Unicode>BE. Hujus rei ratio est manifesta quia aer qui</Unicode>
        </TextEquiv>
      </TextLine>

      
      
      <TextLine id="eSc_line_703ff158" custom="structure {type:default;}">
        <Coords points="199,1718 258,1718 258,1715 260,1715 263,1715 303,1686 494,1705 497,1705 500,1705 502,1705 502,1702 524,1681 659,1681 713,1697 715,1697 718,1697 755,1691 758,1691 760,1691 846,1681 869,1697 880,1705 883,1705 885,1705 888,1705 891,1705 915,1694 933,1686 947,1694 963,1699 965,1699 968,1699 971,1699 1000,1691 1010,1689 1018,1691 1058,1705 1061,1705 1064,1707 1237,1707 1237,1705 1370,1681 1372,1681 1577,1699 1580,1699 1582,1699 1654,1670 1654,1643 1646,1606 1516,1606 1511,1606 1457,1585 1455,1585 1452,1585 1449,1585 1394,1606 1383,1609 1359,1606 1306,1598 1303,1598 1258,1606 1229,1611 1213,1606 1165,1590 1162,1590 1159,1590 1066,1606 1026,1614 1000,1606 949,1593 947,1593 944,1593 830,1609 758,1617 720,1609 673,1596 670,1596 667,1596 590,1609 582,1609 574,1609 492,1598 489,1598 486,1598 484,1598 484,1601 473,1609 465,1619 441,1609 420,1601 417,1601 415,1601 412,1601 409,1601 409,1603 401,1609 391,1619 377,1609 369,1603 367,1603 364,1603 361,1603 359,1603 343,1609 327,1617 303,1609 271,1601 268,1601 266,1601 196,1609 199,1662"/>
        <Baseline points="199,1662 1654,1643"/>
        <TextEquiv conf="0.9802495688199997">
          <Unicode>est in d D. sustinere potest, tantum quo</Unicode>
        </TextEquiv>
      </TextLine>

      
      
      <TextLine id="eSc_line_062f6989" custom="structure {type:default;}">
        <Coords points="736,1726 832,1723 832,1694 830,1662 736,1662 736,1694"/>
        <Baseline points="736,1694 832,1694"/>
        <TextEquiv conf="0.9458000957965851">
          <Unicode>ut</Unicode>
        </TextEquiv>
      </TextLine>

      
      
      <TextLine id="eSc_line_7e32d324" custom="structure {type:default;}">
        <Coords points="175,1790 438,1771 486,1784 494,1784 497,1784 500,1784 537,1782 691,1766 816,1771 904,1776 907,1776 909,1776 912,1776 923,1768 936,1760 973,1766 1045,1779 1048,1779 1122,1763 1141,1758 1154,1760 1199,1774 1202,1774 1205,1774 1394,1771 1527,1747 1529,1726 1524,1683 1332,1673 1330,1673 1327,1673 1287,1689 1274,1691 1234,1689 1128,1681 1125,1681 1050,1694 1040,1694 1029,1694 923,1681 920,1681 816,1699 790,1702 750,1699 577,1689 574,1689 572,1689 569,1689 545,1705 542,1705 529,1694 529,1691 526,1691 524,1691 420,1691 417,1691 415,1691 375,1710 372,1710 367,1710 303,1697 300,1697 297,1697 295,1697 276,1713 271,1715 172,1715 175,1760"/>
        <Baseline points="175,1760 697,1734 1529,1726"/>
        <TextEquiv conf="0.9681976234040609">
          <Unicode>minus ultra statum ordinarium comprimatur</Unicode>
        </TextEquiv>
      </TextLine>

      
      
      <TextLine id="eSc_line_72fde53a" custom="structure {type:default;}">
        <Coords points="1763,1752 1620,1752 1582,1734 1580,1734 1481,1734 1479,1734 1476,1734 1473,1734 1447,1752 1364,1747 1362,1747 1359,1747 1356,1747 1335,1760 1234,1747 1231,1747 1072,1766 1021,1747 1018,1747 920,1747 917,1747 726,1771 662,1752 659,1752 657,1752 540,1782 303,1784 239,1763 236,1763 234,1763 231,1763 228,1763 194,1782 196,1830 196,1859 470,1867 473,1867 526,1856 582,1843 622,1854 654,1864 657,1864 659,1864 720,1862 723,1862 726,1862 734,1854 752,1840 808,1851 848,1859 851,1859 854,1859 856,1859 867,1851 896,1835 963,1851 973,1851 976,1851 979,1851 987,1851 1056,1832 1157,1848 1189,1851 1191,1851 1194,1851 1207,1846 1263,1827 1473,1840 1476,1840 1590,1819 1657,1840 1660,1840 1662,1840 1665,1840 1721,1819 1809,1838 1811,1787 1806,1768 1790,1763"/>
        <Baseline points="196,1830 689,1808 1811,1787"/>
        <TextEquiv conf="0.9631460029251722">
          <Unicode>delapsu Mercurii ex Tubo AB. in vas D. necessario</Unicode>
        </TextEquiv>
      </TextLine>

      
      
      <TextLine id="eSc_line_c9843722" custom="structure {type:default;}">
        <Coords points="138,1936 178,1955 180,1955 183,1957 316,1957 316,1955 319,1955 321,1955 348,1933 353,1928 369,1933 401,1944 404,1944 407,1944 409,1944 441,1933 452,1928 460,1931 492,1949 494,1949 497,1949 500,1949 545,1931 566,1923 603,1931 675,1944 678,1944 681,1944 744,1928 787,1917 803,1928 806,1928 808,1928 811,1928 843,1925 1042,1909 1066,1923 1069,1925 1072,1925 1074,1925 1077,1925 1080,1925 1085,1923 1114,1907 1144,1923 1146,1923 1149,1923 1151,1923 1154,1923 1159,1923 1223,1901 1359,1920 1396,1923 1399,1923 1431,1917 1564,1893 1609,1915 1612,1915 1614,1915 1617,1915 1689,1899 1761,1912 1763,1862 1755,1819 1308,1840 1186,1832 1130,1830 1128,1830 1098,1835 1034,1848 915,1840 872,1838 869,1838 867,1838 864,1838 864,1840 861,1840 848,1854 790,1843 768,1840 766,1840 710,1846 548,1862 444,1851 417,1851 415,1851 412,1851 407,1854 377,1867 319,1856 316,1856 313,1856 311,1856 215,1872 135,1862 138,1909"/>
        <Baseline points="138,1909 1763,1862"/>
        <TextEquiv conf="0.9607477936338871">
          <Unicode>comprimitur, vas D. enim omnem aerem quem habet</Unicode>
        </TextEquiv>
      </TextLine>

      
      
      <TextLine id="eSc_line_d37ae82f" custom="structure {type:default;}">
        <Coords points="130,2029 274,2016 452,2024 478,2024 481,2024 484,2024 489,2024 545,2000 614,2010 617,2010 768,1992 840,1992 869,2010 872,2010 875,2010 877,2010 880,2010 984,1995 1024,2008 1026,2008 1029,2008 1032,2008 1034,2008 1040,2008 1136,1981 1250,1995 1253,1995 1364,1981 1388,1997 1391,1997 1394,1997 1396,1997 1412,1997 1508,1981 1689,1987 1692,1952 1686,1907 1585,1885 1582,1885 1407,1915 1394,1915 1383,1915 1218,1896 1215,1896 1090,1920 1040,1901 1037,1901 1034,1901 867,1923 795,1909 792,1909 790,1909 787,1909 758,1933 752,1933 707,1920 705,1920 702,1920 699,1920 670,1936 665,1939 529,1939 526,1939 460,1920 457,1920 454,1920 452,1920 449,1920 449,1923 425,1941 425,1944 316,1944 274,1925 271,1925 268,1925 266,1925 263,1925 236,1947 223,1936 220,1936 218,1936 215,1936 130,1949 130,1989 130,1995"/>
        <Baseline points="130,1995 997,1957 1692,1952"/>
        <TextEquiv conf="0.9866165990630785">
          <Unicode>retinet, (neque enim in spatium relictum in Tubo</Unicode>
        </TextEquiv>
      </TextLine>

      
      
      <TextLine id="eSc_line_f93335a6" custom="structure {type:default;}">
        <Coords points="175,2130 305,2098 375,2098 404,2117 407,2117 409,2117 412,2117 415,2117 417,2117 446,2096 486,2117 489,2117 492,2117 524,2117 574,2112 577,2112 625,2088 678,2109 681,2109 683,2109 686,2109 744,2085 792,2104 795,2104 798,2104 803,2104 936,2077 1016,2093 1018,2093 1021,2093 1024,2093 1066,2069 1638,2069 1638,2024 1633,1979 1324,1976 1322,1976 1319,1976 1266,1989 1245,1995 1239,1989 1226,1979 1223,1979 1221,1979 1218,1979 1215,1979 1189,1992 1186,1992 1183,1992 1128,1976 1125,1976 1122,1976 1120,1976 1117,1976 1093,1995 1088,1997 1066,1995 939,1984 936,1984 933,1984 888,2002 864,2010 846,2002 808,1989 806,1989 803,1989 800,1989 755,2005 728,2016 649,2010 617,2008 614,2008 569,2013 420,2029 401,2018 393,2010 391,2010 388,2010 385,2010 383,2010 359,2018 327,2032 313,2021 303,2010 300,2010 297,2010 295,2010 170,2024 175,2080"/>
        <Baseline points="175,2080 1050,2032 1638,2024"/>
        <TextEquiv conf="0.992042785220676">
          <Unicode>AB. transferre potest) et praeterea Mercurium</Unicode>
        </TextEquiv>
      </TextLine>

      
      
      <TextLine id="eSc_line_e7770edf" custom="structure {type:default;}">
        <Coords points="186,2178 202,2189 220,2202 223,2202 226,2202 228,2202 348,2199 351,2199 353,2199 353,2197 372,2181 388,2167 428,2178 438,2181 441,2181 444,2181 446,2181 454,2178 476,2165 489,2175 513,2194 516,2194 518,2194 521,2194 617,2175 649,2183 651,2183 654,2183 657,2183 694,2167 705,2162 715,2165 755,2186 758,2186 760,2186 763,2186 830,2162 856,2151 877,2159 933,2181 936,2181 939,2181 941,2181 944,2181 979,2154 987,2151 1008,2154 1096,2162 1098,2162 1101,2162 1104,2162 1122,2149 1128,2143 1151,2146 1277,2170 1279,2170 1282,2170 1338,2141 1394,2135 1444,2133 1449,2135 1484,2162 1487,2162 1489,2162 1492,2165 1532,2165 1532,2162 1702,2122 1702,2098 1697,2050 1383,2048 1380,2048 1378,2048 1343,2058 1295,2072 1263,2061 1245,2053 1242,2053 1239,2053 1032,2058 1029,2058 1026,2058 1018,2066 995,2082 965,2072 963,2072 960,2072 771,2090 744,2074 742,2074 739,2074 736,2074 734,2074 731,2074 707,2090 665,2077 662,2077 659,2077 518,2098 454,2080 441,2077 438,2077 436,2077 433,2077 430,2077 428,2080 399,2101 335,2082 329,2082 327,2082 324,2082 321,2082 319,2082 263,2106 129,2093 128,2186"/>
        <Baseline points="128,2148 1702,2098"/>
        <TextEquiv conf="0.9761404920191992">
          <Unicode>accipit. Comprimitur ergo hoc delapsu aein</Unicode>
        </TextEquiv>
      </TextLine>

      
      
      <TextLine id="eSc_line_916afd51" custom="structure {type:default;}">
        <Coords points="172,2258 212,2279 215,2279 218,2279 220,2279 223,2279 260,2255 263,2253 276,2255 380,2271 383,2271 385,2271 388,2271 388,2268 407,2253 409,2250 420,2253 452,2261 454,2261 457,2261 460,2261 481,2253 494,2247 508,2253 566,2271 569,2271 572,2271 574,2271 577,2271 603,2250 614,2242 713,2239 758,2250 822,2263 824,2263 907,2247 923,2245 931,2247 965,2261 968,2261 971,2261 973,2261 976,2261 976,2258 989,2247 1002,2231 1141,2245 1154,2245 1157,2245 1165,2245 1250,2223 1300,2242 1314,2247 1316,2247 1319,2247 1322,2247 1324,2247 1324,2245 1327,2242 1346,2223 1383,2242 1394,2247 1396,2247 1399,2247 1590,2242 1593,2242 1604,2239 1660,2221 1726,2235 1723,2158 1728,2138 1726,2128 1708,2143 1644,2130 1633,2130 1630,2130 1628,2130 1622,2133 1588,2149 1444,2138 1415,2135 1412,2135 1410,2135 1396,2138 1322,2157 1178,2143 1149,2143 1146,2143 1144,2143 1141,2143 1138,2146 1112,2162 1077,2149 1072,2146 1069,2146 1066,2146 1050,2149 965,2170 649,2175 622,2162 622,2159 619,2159 617,2159 614,2159 601,2162 526,2178 452,2165 438,2165 436,2165 433,2165 430,2165 428,2167 404,2183 258,2189 167,2175 172,2239"/>
        <Baseline points="172,2239 744,2207 1724,2186"/>
        <TextEquiv conf="0.9798836732397274">
          <Unicode>D. et aer per consequens in Tubo relictus proprio</Unicode>
        </TextEquiv>
      </TextLine>

      
      
      <TextLine id="eSc_line_a2c05628_b" custom="structure {type:default;}">
        <Coords points="1633,2213 1630,2213 1519,2234 1503,2237 1465,2237 1314,2229 1311,2229 1245,2239 1226,2242 1218,2239 1173,2223 1170,2223 1167,2223 1165,2223 1125,2242 1114,2245 1106,2242 1077,2229 1074,2229 1072,2229 1069,2229 1066,2229 1048,2242 1042,2247 960,2247 949,2245 912,2229 909,2229 907,2229 904,2229 901,2229 901,2231 885,2245 877,2250 816,2247 651,2234 649,2234 579,2250 566,2253 558,2250 529,2237 526,2237 524,2237 159,2255 162,2308 162,2370 207,2370 207,2367 210,2367 212,2367 252,2338 412,2364 425,2364 428,2364 430,2364 433,2364 492,2330 728,2332 731,2332 734,2332 776,2319 830,2319 885,2354 888,2354 891,2354 893,2354 896,2354 1010,2316 1199,2348 1205,2348 1207,2348 1210,2348 1287,2314 1359,2308 1495,2330 1497,2330 1500,2330 1569,2303 1654,2335 1657,2335 1660,2335 1662,2335 1710,2314 1730,2322 1726,2228"/>
        <Baseline points="162,2308 1728,2274"/>
        <TextEquiv conf="0.9972231102486452">
          <Unicode>Elaterio se dilatat, cujus rei Experimentum sumi</Unicode>
        </TextEquiv>
      </TextLine>

      
      
      <TextLine id="eSc_line_5eb9c5d3" custom="structure {type:default;}">
        <Coords points="141,2449 207,2428 223,2444 226,2444 228,2444 231,2444 263,2444 292,2441 295,2441 348,2412 407,2436 409,2436 412,2436 417,2436 556,2404 606,2425 617,2431 619,2431 622,2431 625,2431 646,2425 715,2401 744,2420 752,2425 755,2425 758,2425 760,2425 808,2417 843,2409 851,2415 859,2420 861,2420 864,2420 867,2420 869,2420 872,2420 883,2412 901,2399 971,2409 1024,2415 1026,2415 1029,2415 1032,2415 1032,2412 1034,2412 1040,2404 1048,2394 1093,2401 1098,2401 1101,2401 1104,2401 1106,2401 1106,2399 1122,2386 1157,2399 1167,2401 1170,2401 1173,2401 1175,2401 1183,2396 1210,2383 1378,2388 1431,2388 1433,2388 1436,2388 1455,2383 1521,2367 1540,2380 1559,2394 1561,2394 1564,2394 1567,2394 1569,2394 1572,2394 1590,2378 1590,2348 1580,2279 1511,2308 1362,2311 1332,2292 1330,2292 1327,2292 1324,2292 1322,2292 1234,2316 1061,2306 1058,2306 1056,2306 1053,2306 1024,2324 963,2311 960,2311 875,2330 832,2311 827,2308 824,2308 822,2308 819,2308 811,2311 750,2335 641,2319 625,2316 622,2316 619,2316 617,2316 614,2319 598,2332 508,2324 478,2322 476,2322 473,2322 465,2324 417,2348 335,2351 282,2332 271,2330 268,2330 266,2330 263,2330 244,2335 186,2351 135,2340 138,2399"/>
        <Baseline points="138,2399 1117,2356 1590,2348"/>
        <TextEquiv conf="0.9591464201609293">
          <Unicode>potest. si vesica flaccida intra Tubum in cA.</Unicode>
        </TextEquiv>
      </TextLine>

      
      
      <TextLine id="eSc_line_8dee5b59" custom="structure {type:default;}">
        <Coords points="146,2519 186,2505 279,2513 282,2513 284,2513 287,2513 364,2487 388,2503 391,2503 393,2503 396,2503 399,2503 401,2503 420,2487 516,2503 518,2503 521,2503 569,2487 609,2500 611,2500 614,2500 702,2489 705,2489 707,2489 731,2473 798,2495 800,2495 803,2495 806,2495 856,2468 963,2465 987,2479 989,2479 992,2479 995,2479 1167,2457 1277,2473 1279,2473 1282,2473 1330,2455 1383,2473 1386,2473 1388,2473 1391,2473 1418,2471 1444,2468 1447,2468 1449,2468 1449,2465 1465,2449 1497,2468 1500,2468 1503,2468 1505,2468 1702,2460 1705,2417 1700,2367 1391,2362 1388,2362 1386,2362 1324,2380 1316,2383 1311,2383 1274,2367 1271,2367 1269,2367 1266,2367 1263,2367 1242,2386 1239,2386 1226,2372 1226,2370 1223,2370 1221,2370 1218,2370 1136,2372 1037,2394 1018,2396 1013,2394 997,2383 995,2383 992,2383 989,2383 758,2404 720,2407 718,2407 686,2388 683,2388 681,2388 678,2388 675,2388 651,2409 649,2412 430,2420 407,2420 353,2420 327,2401 324,2401 321,2401 319,2401 316,2401 313,2401 284,2423 207,2409 204,2409 202,2409 141,2428 143,2473"/>
        <Baseline points="143,2473 949,2433 1705,2417"/>
        <TextEquiv conf="0.9354502003566891">
          <Unicode>alligetur, ea enim Mercurio delapso seses inflabit,</Unicode>
        </TextEquiv>
      </TextLine>

      
      
      <TextLine id="eSc_line_8ae32160" custom="structure {type:default;}">
        <Coords points="1598,2441 1596,2441 1593,2441 1590,2441 1564,2460 1561,2460 1556,2460 1418,2447 1415,2447 1412,2447 1410,2447 1410,2449 1391,2465 1351,2449 1348,2449 1346,2449 1343,2449 1340,2449 1340,2452 1322,2465 1319,2468 1300,2468 1162,2455 1159,2455 1080,2473 1061,2479 968,2479 963,2476 933,2463 931,2463 928,2463 808,2481 776,2484 744,2481 667,2476 665,2476 662,2476 635,2484 622,2489 609,2487 569,2473 566,2473 564,2473 561,2473 532,2487 529,2489 524,2489 489,2476 486,2476 484,2476 481,2476 478,2476 478,2479 465,2489 457,2495 438,2489 385,2479 383,2479 311,2495 279,2500 133,2500 135,2558 135,2593 311,2574 415,2585 417,2585 420,2585 478,2556 542,2566 545,2566 665,2550 718,2580 720,2580 723,2580 726,2580 822,2577 824,2577 830,2574 877,2556 917,2572 920,2572 923,2572 925,2572 928,2572 971,2545 1082,2537 1269,2540 1287,2558 1287,2561 1290,2561 1292,2561 1295,2561 1364,2558 1367,2558 1370,2558 1404,2529 1481,2548 1484,2548 1487,2548 1489,2548 1489,2545 1511,2529 1604,2550 1609,2550 1612,2550 1819,2542 1819,2505 1814,2460 1809,2452"/>
        <Baseline points="135,2558 955,2511 1819,2505"/>
        <TextEquiv conf="0.9779958302324468">
          <Unicode>seu tendet. Non ergo quicquaviolenta est sed voluntaria</Unicode>
        </TextEquiv>
      </TextLine>

      
      
      <TextLine id="eSc_line_1224c931" custom="structure {type:default;}">
        <Coords points="159,2654 308,2675 311,2675 353,2673 356,2673 359,2673 385,2652 391,2646 404,2652 460,2670 462,2670 465,2670 585,2646 619,2641 627,2646 649,2660 651,2660 654,2660 657,2660 723,2644 731,2644 739,2644 830,2657 832,2657 835,2657 838,2657 838,2654 851,2641 861,2628 920,2628 952,2641 981,2652 984,2652 987,2652 989,2652 992,2652 992,2649 1002,2638 1016,2625 1042,2636 1045,2636 1048,2636 1050,2636 1053,2636 1077,2620 1194,2620 1242,2633 1266,2641 1269,2641 1271,2644 1303,2644 1303,2641 1306,2641 1308,2641 1308,2638 1316,2633 1330,2617 1433,2630 1463,2633 1465,2633 1604,2630 1606,2630 1609,2630 1609,2628 1612,2628 1633,2606 1665,2625 1670,2628 1673,2628 1676,2628 1779,2622 1782,2590 1777,2532 1540,2537 1495,2521 1492,2521 1489,2521 1487,2521 1484,2521 1455,2540 1452,2542 1441,2542 1386,2532 1383,2532 1311,2545 1308,2545 1226,2529 1223,2529 1221,2529 1173,2550 1170,2550 1165,2550 1074,2534 1072,2534 1010,2537 1008,2537 1005,2537 981,2556 976,2558 963,2558 856,2542 854,2542 851,2542 848,2542 827,2561 824,2564 816,2561 763,2550 760,2550 630,2569 617,2569 611,2569 540,2553 537,2553 534,2553 532,2553 505,2572 502,2574 492,2572 430,2558 428,2558 425,2558 391,2577 383,2580 367,2577 297,2564 295,2564 156,2582 159,2628"/>
        <Baseline points="159,2628 1197,2585 1633,2580 1782,2590"/>
        <TextEquiv conf="0.9804622598414151">
          <Unicode>aeris in AB. relictiis tensio nisi quatenus conjuncta</Unicode>
        </TextEquiv>
      </TextLine>

      
      
      <TextLine id="eSc_line_6d2ffc87" custom="structure {type:default;}">
        <Coords points="156,2726 223,2747 226,2747 228,2747 369,2723 385,2721 388,2723 412,2739 415,2739 417,2739 420,2739 423,2739 473,2721 486,2715 497,2721 532,2737 534,2737 537,2737 742,2731 744,2731 747,2731 774,2715 806,2721 808,2721 811,2721 814,2721 814,2718 816,2718 819,2713 830,2702 933,2713 955,2713 957,2713 960,2713 963,2713 963,2710 981,2697 1026,2710 1058,2718 1061,2718 1064,2718 1181,2715 1231,2705 1290,2694 1338,2705 1362,2707 1364,2707 1367,2707 1375,2702 1418,2681 1468,2697 1471,2697 1473,2697 1476,2697 1479,2697 1479,2694 1481,2694 1495,2678 1763,2694 1766,2652 1761,2612 1620,2596 1617,2596 1614,2596 1612,2596 1612,2598 1593,2614 1590,2614 1423,2604 1420,2604 1418,2604 1386,2620 1383,2622 1356,2622 1183,2612 1181,2612 1069,2628 965,2620 963,2620 960,2620 931,2633 920,2638 867,2636 744,2628 742,2628 739,2628 694,2641 662,2649 643,2641 622,2633 619,2633 617,2633 614,2633 611,2633 598,2644 587,2652 566,2644 558,2641 556,2641 553,2641 513,2646 423,2657 396,2649 375,2641 372,2641 369,2641 367,2641 335,2652 295,2662 154,2657 156,2705"/>
        <Baseline points="156,2705 1300,2660 1766,2652"/>
        <TextEquiv conf="0.9894387917271976">
          <Unicode>est cum ejus extra AB. in D. compressione, utique violenta</Unicode>
        </TextEquiv>
      </TextLine>

      
      
      <TextLine id="eSc_line_2d7bedf8" custom="structure {type:default;}">
        <Coords points="135,2838 228,2803 407,2824 430,2827 433,2827 646,2819 649,2819 651,2819 651,2816 657,2814 678,2793 736,2785 832,2806 864,2811 867,2811 869,2811 872,2811 880,2803 909,2782 1021,2795 1082,2803 1085,2803 1088,2803 1090,2803 1109,2793 1146,2769 1213,2769 1245,2785 1266,2798 1269,2798 1271,2798 1314,2795 1316,2795 1319,2795 1335,2782 1351,2769 1420,2769 1436,2777 1452,2787 1455,2787 1457,2787 1460,2787 1463,2787 1489,2774 1521,2758 1795,2758 1801,2726 1795,2689 1633,2670 1630,2670 1628,2670 1625,2670 1590,2691 1588,2694 1577,2694 1484,2675 1481,2675 1367,2699 1330,2707 1247,2707 1237,2702 1223,2691 1221,2691 1218,2691 1215,2691 1213,2691 1189,2702 1173,2713 1080,2713 1064,2707 1032,2691 1029,2691 1026,2691 891,2710 800,2723 774,2713 750,2705 747,2705 744,2705 742,2705 739,2705 726,2715 718,2721 683,2715 622,2707 619,2707 617,2707 595,2718 569,2731 545,2721 524,2710 521,2710 518,2710 516,2710 476,2721 417,2739 335,2739 308,2726 297,2718 295,2718 292,2718 289,2718 287,2718 268,2726 244,2739 231,2729 226,2723 226,2721 223,2721 220,2721 218,2721 130,2729 133,2785"/>
        <Baseline points="133,2785 1801,2726"/>
        <TextEquiv conf="0.9747656842447677">
          <Unicode>Aer vero indhoc Mercurii delapsu comprimend, resistet</Unicode>
        </TextEquiv>
      </TextLine>

      
      
      <TextLine id="eSc_line_0a779d1c" custom="structure {type:default;}">
        <Coords points="159,2899 172,2888 188,2899 191,2899 194,2899 196,2899 199,2899 202,2899 236,2883 391,2891 473,2894 476,2894 478,2894 481,2894 489,2886 510,2872 587,2883 617,2886 619,2886 622,2886 625,2886 630,2880 654,2864 875,2862 904,2870 931,2878 933,2878 936,2878 939,2878 973,2867 1005,2856 1034,2864 1066,2872 1069,2872 1072,2872 1146,2867 1149,2867 1151,2867 1151,2864 1159,2859 1167,2848 1186,2859 1205,2867 1207,2867 1210,2867 1290,2854 1340,2846 1378,2851 1426,2856 1428,2856 1431,2856 1433,2856 1433,2854 1441,2848 1452,2838 1465,2846 1479,2856 1481,2856 1484,2856 1487,2856 1716,2835 1716,2806 1713,2769 1673,2750 1670,2750 1668,2750 1665,2750 1622,2763 1572,2753 1569,2753 1567,2753 1564,2753 1548,2769 1503,2755 1500,2755 1497,2755 1495,2755 1492,2755 1492,2758 1473,2774 1431,2758 1428,2758 1426,2758 1423,2758 1391,2774 1362,2763 1359,2763 1356,2763 1354,2763 1351,2763 1351,2766 1348,2766 1338,2779 1189,2769 1186,2769 1183,2769 1141,2787 1138,2787 1128,2787 1018,2774 1016,2774 1013,2774 1010,2774 1010,2777 995,2790 941,2777 939,2777 936,2777 933,2777 931,2777 931,2779 928,2779 920,2790 907,2779 904,2779 901,2779 899,2779 896,2779 854,2793 790,2782 787,2782 784,2782 723,2800 707,2806 399,2814 369,2811 292,2800 289,2800 287,2800 260,2814 252,2819 236,2816 204,2806 202,2806 199,2806 148,2816 154,2864"/>
        <Baseline points="154,2864 1716,2806"/>
        <TextEquiv conf="0.9834475490781996">
          <Unicode>Elaterio suo. Elaterii enim duo sunt Effectus</Unicode>
        </TextEquiv>
      </TextLine>

      
      
      <TextLine id="eSc_line_36b3598c" custom="structure {type:default;}">
        <Coords points="164,2984 239,2965 478,2971 481,2971 484,2971 529,2949 691,2947 723,2960 726,2960 728,2960 827,2941 1277,2941 1324,2941 1327,2941 1330,2941 1332,2941 1359,2923 1441,2931 1444,2931 1447,2931 1481,2915 1585,2915 1601,2928 1601,2931 1604,2931 1606,2931 1609,2931 1830,2920 1830,2888 1822,2843 1731,2843 1710,2827 1708,2827 1705,2827 1702,2827 1700,2827 1697,2827 1697,2830 1694,2830 1681,2846 1681,2848 1641,2848 1516,2851 1410,2835 1407,2835 1303,2856 1277,2840 1274,2840 1271,2840 1269,2840 1183,2843 1181,2843 1098,2867 1045,2848 1042,2848 1040,2848 1037,2848 984,2870 896,2854 893,2854 747,2880 678,2862 675,2862 673,2862 601,2864 598,2864 595,2864 569,2888 449,2891 420,2875 417,2875 415,2875 412,2875 409,2875 407,2875 377,2894 252,2886 250,2886 159,2902 162,2941"/>
        <Baseline points="162,2941 1287,2894 1830,2888"/>
        <TextEquiv conf="0.9886206101912719">
          <Unicode>primum ut se dilatet, deinde ut resistat comprimenti</Unicode>
        </TextEquiv>
      </TextLine>

      
      
      <TextLine id="eSc_line_d28e46d3" custom="structure {type:default;}">
        <Coords points="162,3072 303,3045 332,3045 353,3064 356,3066 356,3069 359,3069 361,3069 364,3069 564,3061 566,3061 606,3051 643,3040 651,3048 659,3053 659,3056 662,3056 665,3056 667,3056 776,3053 779,3053 811,3040 846,3021 912,3021 933,3032 963,3045 965,3045 968,3045 971,3045 973,3045 1000,3029 1013,3019 1120,3011 1287,3008 1292,3011 1316,3032 1319,3032 1322,3032 1324,3032 1327,3032 1436,3003 1441,3003 1447,3003 1513,3024 1516,3024 1519,3024 1521,3024 1582,2997 1638,3019 1641,3019 1644,3019 1646,3019 1649,3019 1686,2992 1686,2965 1681,2923 1543,2912 1540,2912 1537,2912 1484,2928 1457,2915 1455,2915 1452,2915 1295,2936 1287,2939 1034,2947 1029,2947 979,2933 976,2933 973,2933 971,2933 968,2933 947,2949 944,2949 923,2949 569,2949 566,2949 564,2949 561,2949 561,2952 558,2952 548,2965 548,2968 159,2979 162,3021"/>
        <Baseline points="162,3021 1146,2979 1686,2965"/>
        <TextEquiv conf="0.9876908212900162">
          <Unicode>prior effectus dici potestconatus tensionis,</Unicode>
        </TextEquiv>
      </TextLine>

      
      
      <TextLine id="eSc_line_053672f2" custom="structure {type:default;}">
        <Coords points="146,3160 239,3157 242,3157 244,3157 284,3130 361,3144 364,3144 367,3144 369,3144 369,3141 396,3117 513,3117 601,3138 630,3146 633,3146 635,3146 705,3144 707,3144 710,3144 710,3141 720,3133 739,3117 795,3128 811,3130 814,3130 816,3130 819,3130 819,3128 822,3128 843,3104 883,3104 933,3120 968,3133 971,3133 973,3133 1213,3106 1375,3088 1404,3096 1423,3101 1426,3101 1428,3101 1489,3093 1527,3117 1529,3117 1532,3117 1535,3117 1633,3096 1689,3109 1692,3109 1694,3109 1697,3109 1700,3109 1731,3082 1809,3106 1811,3106 1814,3106 1817,3106 1819,3106 1857,3074 1857,3053 1854,3008 1700,2989 1697,2989 1628,3003 1556,2995 1553,2995 1551,2995 1548,2995 1521,3016 1420,3000 1418,3000 1415,3000 1364,3021 1359,3021 1136,3011 1133,3011 1130,3011 1082,3029 992,3013 989,3013 987,3013 984,3013 952,3035 949,3037 667,3043 590,3027 587,3027 585,3027 548,3048 542,3051 327,3053 228,3037 226,3037 223,3037 143,3059 146,3101"/>
        <Baseline points="146,3101 1559,3053 1857,3053"/>
        <TextEquiv conf="0.982538745620034">
          <Unicode>posterior resistentia, compressionis. Conatus tensionis</Unicode>
        </TextEquiv>
      </TextLine>

      
      
      <TextLine id="eSc_line_b148434d" custom="structure {type:default;}">
        <Coords points="172,3207 327,3218 329,3218 412,3205 438,3199 444,3205 457,3215 460,3215 462,3215 465,3215 609,3199 697,3192 713,3199 736,3210 739,3210 742,3210 744,3210 795,3197 838,3186 941,3194 1013,3199 1016,3199 1018,3199 1037,3192 1072,3178 1245,3189 1311,3192 1314,3192 1465,3184 1468,3184 1511,3165 1553,3181 1556,3181 1559,3181 1561,3181 1564,3181 1588,3162 1721,3178 1723,3130 1718,3090 1644,3077 1641,3077 1638,3077 1636,3077 1636,3080 1622,3093 1620,3098 1612,3093 1598,3088 1596,3088 1593,3088 1590,3088 1561,3096 1537,3101 1527,3096 1489,3077 1487,3077 1484,3077 1481,3077 1436,3098 1295,3090 1292,3090 1207,3109 1189,3112 1183,3109 1154,3096 1151,3096 1149,3096 1146,3096 1101,3112 1053,3096 1050,3096 1048,3096 1045,3096 992,3117 984,3120 979,3117 933,3096 931,3096 928,3096 824,3098 822,3098 819,3098 819,3101 816,3101 803,3117 744,3101 742,3101 739,3101 736,3101 734,3101 694,3128 643,3112 641,3112 638,3112 635,3112 579,3133 574,3133 566,3133 500,3122 497,3122 494,3122 446,3136 385,3114 383,3114 380,3114 377,3114 297,3144 170,3146 172,3181"/>
        <Baseline points="172,3181 1723,3130"/>
        <TextEquiv conf="0.986792194600008">
          <Unicode>succedit aeri in B. non succedit resistentia com–</Unicode>
        </TextEquiv>
      </TextLine>

      
      
      <TextLine id="eSc_line_0cb0312f" custom="structure {type:default;}">
        <Coords points="159,3301 409,3277 452,3290 465,3295 468,3295 470,3295 579,3293 582,3293 585,3293 593,3287 627,3263 771,3277 774,3277 947,3255 1000,3271 1008,3274 1010,3274 1013,3274 1042,3269 1159,3250 1191,3263 1202,3269 1205,3269 1303,3271 1306,3271 1308,3271 1311,3271 1311,3269 1322,3261 1330,3255 1335,3258 1346,3269 1348,3269 1351,3269 1354,3269 1356,3269 1402,3258 1447,3245 1463,3255 1481,3269 1484,3269 1487,3269 1489,3271 1593,3271 1593,3269 1596,3269 1633,3247 1641,3245 1646,3247 1673,3261 1676,3261 1678,3261 1779,3242 1779,3218 1774,3176 1556,3162 1553,3162 1551,3162 1519,3178 1481,3162 1479,3162 1476,3162 1473,3162 1439,3181 1436,3181 1402,3181 1181,3170 1178,3170 1175,3170 1173,3170 1157,3184 1151,3186 1136,3184 1048,3173 1045,3173 963,3189 920,3194 885,3189 816,3178 814,3178 747,3192 705,3199 667,3192 622,3184 619,3184 617,3184 614,3184 601,3194 593,3199 582,3194 572,3189 569,3189 566,3189 534,3194 481,3205 156,3202 159,3258"/>
        <Baseline points="159,3258 936,3229 1779,3218"/>
        <TextEquiv conf="0.9774260732034842">
          <Unicode>pressionis aeri in vase. D. Est enim resistentia</Unicode>
        </TextEquiv>
      </TextLine>

      
      
      <TextLine id="eSc_line_60bf2260" custom="structure {type:default;}">
        <Coords points="901,3282 899,3282 875,3295 638,3298 574,3287 548,3282 545,3282 542,3282 532,3287 508,3301 470,3290 462,3287 460,3287 457,3287 428,3290 348,3303 311,3295 284,3287 282,3287 279,3287 156,3298 159,3335 159,3370 194,3370 252,3404 255,3404 258,3404 260,3404 372,3402 375,3402 481,3370 524,3383 526,3383 529,3383 532,3383 534,3383 561,3362 697,3362 710,3375 710,3378 713,3378 715,3378 718,3378 720,3378 723,3378 742,3362 835,3388 838,3388 840,3388 843,3388 846,3388 846,3386 869,3364 893,3375 896,3375 899,3375 901,3375 981,3351 1112,3375 1114,3375 1117,3375 1120,3375 1165,3348 1199,3359 1202,3359 1205,3359 1207,3359 1245,3346 1306,3370 1308,3370 1444,3375 1447,3375 1537,3372 1540,3372 1543,3372 1593,3332 1668,3330 1668,3301 1654,3253 1625,3271 1593,3255 1590,3255 1588,3255 1585,3255 1519,3277 1500,3261 1500,3258 1497,3258 1495,3258 1492,3258 1489,3258 1487,3258 1428,3279 1346,3263 1343,3263 1340,3263 1338,3263 1290,3282 1213,3266 1202,3266 1199,3266 1197,3266 1194,3266 1194,3269 1178,3282 1138,3269 1136,3269 1133,3269 1130,3269 1128,3269 1125,3269 1125,3271 1122,3271 1109,3290 1066,3290 1045,3271 1042,3269 1040,3269 1037,3269 1034,3269 1032,3269 1029,3269 1029,3271 1026,3271 1005,3290 933,3282 928,3282"/>
        <Baseline points="159,3335 830,3332 1668,3301"/>
        <TextEquiv conf="0.9763893326123555">
          <Unicode>compressionis tanta, quantum est vis ponderis</Unicode>
        </TextEquiv>
      </TextLine>

      
      
      <TextLine id="eSc_line_61a7a9e5" custom="structure {type:default;}">
        <Coords points="728,3237 702,3239 675,3239 678,3282 678,3317 976,3309 979,3279 973,3237 782,3237 755,3237"/>
        <Baseline points="678,3282 979,3279"/>
        <TextEquiv conf="0.9834571580092112">
          <Unicode>here ordinam</Unicode>
        </TextEquiv>
      </TextLine>

      
      
      <TextLine id="eSc_line_ac9ec0d9" custom="structure {type:default;}">
        <Coords points="159,3479 324,3487 327,3487 329,3487 353,3476 369,3468 423,3473 452,3476 454,3476 457,3476 465,3473 500,3452 577,3452 635,3468 654,3473 657,3473 659,3473 662,3473 665,3473 670,3468 697,3450 957,3458 960,3458 963,3458 1002,3439 1026,3460 1029,3463 1032,3463 1034,3463 1037,3463 1040,3463 1053,3458 1090,3444 1114,3458 1122,3460 1125,3460 1128,3460 1130,3460 1133,3460 1138,3455 1170,3434 1378,3450 1415,3452 1418,3452 1420,3452 1431,3450 1500,3423 1681,3442 1684,3391 1678,3351 1604,3332 1601,3332 1492,3356 1481,3356 1468,3356 1375,3346 1372,3346 1306,3362 1298,3362 1295,3362 1258,3343 1255,3343 1253,3343 1250,3343 1247,3343 1226,3359 1157,3346 1154,3346 1151,3346 1104,3362 1077,3348 1074,3348 1072,3348 1069,3348 1032,3367 1026,3370 1013,3370 907,3354 904,3354 901,3354 899,3354 872,3372 867,3375 846,3372 736,3359 734,3359 731,3359 667,3378 649,3386 553,3386 540,3380 505,3367 502,3367 500,3367 407,3386 372,3394 156,3394 159,3447"/>
        <Baseline points="159,3447 641,3418 1684,3391"/>
        <TextEquiv conf="0.9695217837678626">
          <Unicode>massae aereae incumbentis. Quia ab ea non ultra</Unicode>
        </TextEquiv>
      </TextLine>

      
      
      <TextLine id="eSc_line_68c55703" custom="structure {type:default;}">
        <Coords points="1787,3423 1744,3408 1713,3409 1713,3409 1673,3423 1455,3415 1452,3415 1449,3415 1386,3436 1378,3439 1367,3439 1266,3423 1263,3423 1261,3423 1215,3444 1213,3444 1199,3444 1082,3434 1080,3434 1077,3434 1074,3434 1056,3450 1029,3439 1026,3439 1024,3439 827,3458 752,3463 744,3460 718,3447 715,3447 713,3447 710,3447 678,3463 675,3463 662,3463 545,3450 542,3450 540,3450 484,3468 470,3473 457,3468 430,3460 428,3460 425,3460 423,3460 420,3460 404,3471 393,3479 148,3479 151,3527 151,3553 236,3577 239,3577 242,3577 316,3561 428,3572 430,3572 713,3561 715,3561 838,3529 854,3527 907,3527 1128,3532 1130,3532 1133,3532 1136,3532 1151,3519 1157,3516 1167,3519 1221,3527 1223,3527 1282,3513 1298,3511 1308,3513 1407,3535 1410,3535 1481,3532 1484,3532 1559,3503 1569,3500 1593,3503 1681,3513 1684,3513 1686,3513 1689,3513 1689,3511 1692,3511 1700,3497 1835,3497 1864,3511 1867,3511 1870,3511 1872,3511 1931,3489 1931,3463 1923,3420 1918,3420"/>
        <Baseline points="151,3527 1253,3479 1931,3463"/>
        <TextEquiv conf="0.9760426768550167">
          <Unicode>comprimi potest, quam in statum illum ipsum oedinarium</Unicode>
        </TextEquiv>
      </TextLine>

      
      
      <TextLine id="eSc_line_e237163b" custom="structure {type:default;}">
        <Coords points="893,3569 936,3569 936,3537 936,3505 893,3503 893,3537"/>
        <Baseline points="893,3537 936,3537"/>
        <TextEquiv conf="0.5548199415206909">
          <Unicode>e</Unicode>
        </TextEquiv>
      </TextLine>

      
      
      <TextLine id="eSc_line_3872f11f" custom="structure {type:default;}">
        <Coords points="135,3657 385,3630 433,3646 441,3649 444,3649 446,3649 558,3644 561,3644 564,3644 569,3638 590,3625 659,3636 689,3638 691,3638 694,3638 713,3633 766,3614 851,3625 875,3628 877,3628 880,3628 888,3622 920,3609 1085,3614 1194,3617 1197,3617 1199,3617 1229,3606 1269,3593 1295,3604 1303,3606 1306,3606 1308,3606 1311,3606 1330,3601 1386,3588 1415,3598 1439,3606 1441,3606 1444,3606 1447,3606 1481,3596 1511,3585 1532,3593 1545,3596 1548,3596 1551,3596 1553,3596 1580,3591 1622,3580 1649,3585 1689,3596 1692,3596 1694,3596 1753,3581 1758,3559 1758,3545 1753,3487 1580,3495 1577,3495 1574,3495 1532,3519 1364,3508 1311,3505 1308,3505 1306,3505 1287,3513 1239,3532 1104,3524 1024,3519 1021,3519 1018,3519 1016,3519 1005,3529 987,3545 859,3548 843,3537 835,3532 832,3532 830,3532 827,3532 673,3548 569,3559 540,3556 438,3543 436,3543 433,3543 377,3567 364,3569 345,3567 279,3556 276,3556 274,3556 239,3572 186,3553 183,3553 180,3553 178,3553 133,3575 135,3614"/>
        <Baseline points="135,3614 1758,3545"/>
        <TextEquiv conf="0.985262138688046">
          <Unicode>statum, quem nos in  sentimus. Hinc quia ultra</Unicode>
        </TextEquiv>
      </TextLine>

      
      
      <TextLine id="eSc_line_6521600f" custom="structure {type:default;}">
        <Coords points="170,3726 513,3726 513,3724 516,3724 572,3702 598,3694 630,3700 673,3708 675,3708 678,3708 705,3697 720,3686 875,3684 883,3686 923,3705 925,3705 928,3705 931,3705 979,3681 995,3673 1104,3670 1117,3673 1165,3692 1167,3692 1170,3692 1173,3692 1213,3678 1274,3689 1277,3689 1359,3681 1362,3681 1364,3681 1396,3660 1399,3660 1402,3660 1582,3670 1585,3670 1710,3641 1713,3617 1708,3575 1098,3593 997,3609 973,3612 965,3612 928,3601 925,3601 923,3601 715,3622 686,3625 681,3625 651,3614 649,3614 646,3614 643,3614 641,3614 627,3628 625,3628 617,3628 524,3620 521,3620 343,3641 337,3641 335,3641 226,3633 223,3633 220,3633 164,3649 170,3697"/>
        <Baseline points="170,3697 478,3670 1713,3617"/>
        <TextEquiv conf="0.9759977825663306">
          <Unicode>ab ea comprimi non potest  non poterit etiam</Unicode>
        </TextEquiv>
      </TextLine>

      
      
      <TextLine id="eSc_line_bbb76870" custom="structure {type:default;}">
        <Coords points="154,3809 377,3809 377,3806 380,3806 383,3806 383,3803 391,3795 404,3785 462,3793 502,3798 505,3798 508,3798 534,3790 577,3777 630,3785 691,3795 694,3795 697,3795 699,3795 699,3793 713,3782 723,3771 872,3774 920,3774 923,3774 925,3774 928,3774 931,3771 947,3761 963,3769 984,3782 987,3782 989,3782 1053,3779 1056,3779 1098,3763 1125,3753 1146,3761 1167,3771 1170,3771 1173,3771 1292,3769 1295,3769 1338,3753 1364,3742 1380,3750 1396,3758 1399,3758 1402,3758 1463,3747 1532,3734 1708,3734 1710,3702 1705,3657 1590,3644 1588,3644 1585,3644 1582,3644 1582,3646 1564,3665 1527,3646 1524,3646 1521,3646 1519,3646 1516,3646 1487,3668 1484,3668 1476,3668 1364,3654 1362,3654 1359,3654 1356,3654 1356,3657 1338,3673 1332,3678 1221,3678 1218,3678 1186,3662 1183,3662 1181,3662 1178,3662 1136,3681 1128,3684 1114,3681 1048,3668 1045,3668 973,3673 971,3673 968,3673 968,3676 952,3689 947,3692 912,3689 832,3684 830,3684 827,3684 808,3694 800,3697 792,3694 750,3681 747,3681 744,3681 622,3700 529,3692 526,3692 524,3692 521,3692 521,3694 508,3705 500,3716 148,3718 154,3777"/>
        <Baseline points="154,3777 744,3737 1710,3702"/>
        <TextEquiv conf="0.9889485286731347">
          <Unicode>comprimi ab eo quod ei massae aequiponderat, id est</Unicode>
        </TextEquiv>
      </TextLine>

      
      
      <TextLine id="eSc_line_e4c977f4" custom="structure {type:default;}">
        <Coords points="167,3891 316,3886 319,3886 321,3886 321,3883 343,3867 449,3880 465,3880 468,3880 486,3878 635,3851 731,3867 755,3870 758,3870 760,3870 779,3864 843,3846 891,3859 907,3864 909,3864 912,3864 915,3864 917,3864 917,3862 923,3859 939,3841 1037,3851 1040,3851 1141,3833 1181,3846 1202,3854 1205,3854 1207,3854 1210,3854 1213,3854 1223,3846 1237,3835 1279,3843 1322,3849 1324,3849 1327,3849 1354,3838 1394,3825 1699,3825 1702,3810 1702,3793 1700,3753 1561,3739 1559,3739 1556,3739 1553,3739 1535,3755 1532,3758 1428,3761 1420,3758 1367,3739 1364,3739 1362,3739 1359,3739 1298,3761 1285,3769 1207,3769 1191,3763 1141,3747 1138,3747 1136,3747 1077,3750 1074,3750 1072,3750 1045,3769 1034,3774 1002,3769 915,3755 912,3755 830,3774 814,3777 798,3774 723,3763 720,3763 718,3763 715,3763 694,3777 683,3785 633,3779 542,3769 540,3769 537,3769 478,3782 428,3795 380,3785 356,3782 353,3782 351,3782 340,3787 308,3801 162,3793 167,3859"/>
        <Baseline points="167,3859 625,3822 1702,3793"/>
        <TextEquiv conf="0.9712433529396852">
          <Unicode>a pollicibus Mercurii 27. Sed quicquid praeterea</Unicode>
        </TextEquiv>
      </TextLine>

      
      
      <TextLine id="eSc_line_247358a2" custom="structure {type:default;}">
        <Coords points="138,3958 204,3971 207,3971 412,3963 415,3963 454,3947 470,3942 484,3947 508,3958 510,3958 513,3958 516,3958 518,3958 534,3944 542,3939 569,3944 617,3952 619,3952 622,3952 654,3942 689,3928 747,3939 774,3942 776,3942 779,3942 792,3936 824,3923 901,3934 936,3936 939,3936 971,3931 1040,3915 1120,3926 1133,3926 1136,3926 1138,3926 1141,3923 1170,3910 1202,3923 1221,3928 1223,3928 1226,3928 1229,3928 1231,3928 1242,3920 1263,3907 1303,3918 1330,3926 1332,3926 1335,3926 1418,3915 1532,3899 1551,3910 1556,3915 1559,3915 1561,3915 1564,3915 1681,3904 1686,3882 1686,3870 1681,3830 1601,3830 1574,3811 1572,3811 1569,3811 1567,3811 1564,3811 1561,3811 1561,3814 1543,3833 1465,3822 1463,3822 1460,3822 1457,3822 1441,3835 1386,3825 1383,3825 1380,3825 1378,3825 1351,3841 1348,3843 1316,3843 1194,3843 1154,3827 1151,3827 1149,3827 1146,3827 1085,3849 1024,3830 1021,3830 1018,3830 872,3859 869,3859 867,3859 811,3838 808,3838 806,3838 705,3854 569,3849 566,3849 457,3875 452,3875 449,3875 332,3857 329,3857 327,3857 324,3857 324,3859 303,3880 204,3867 202,3867 199,3867 135,3886 138,3934"/>
        <Baseline points="138,3934 795,3894 1686,3870"/>
        <TextEquiv conf="0.9474177024465926">
          <Unicode>Mercurii in er , illud nihilo secius ressentiam</Unicode>
        </TextEquiv>
      </TextLine>

      
      
      <TextLine id="eSc_line_c37cacda" custom="structure {type:default;}">
        <Coords points="141,4035 199,4053 202,4053 204,4053 266,4051 268,4051 271,4051 271,4048 287,4032 329,4048 332,4048 335,4048 492,4024 532,4019 556,4021 635,4032 638,4032 641,4032 683,4016 697,4013 707,4016 744,4029 747,4029 750,4029 752,4029 806,4013 816,4011 832,4013 920,4024 923,4024 1045,4005 1114,3995 1141,4003 1170,4011 1173,4011 1175,4011 1178,4011 1223,4000 1263,3990 1340,3995 1439,4003 1441,4003 1508,3990 1574,3976 1636,3984 1638,3947 1633,3896 1372,3918 1324,3910 1311,3907 1308,3907 1306,3907 1292,3910 1245,3923 1234,3912 1223,3904 1223,3902 1221,3902 1218,3902 1215,3902 1117,3904 1114,3904 1112,3904 1096,3918 1093,3920 1082,3920 1010,3910 1008,3910 1005,3910 1002,3910 981,3923 976,3928 971,3926 947,3912 944,3912 941,3912 864,3915 861,3915 814,3931 782,3942 736,3934 659,3923 657,3923 654,3923 611,3942 587,3952 460,3952 452,3947 438,3936 436,3936 433,3936 430,3936 428,3936 425,3936 404,3950 391,3958 372,3952 335,3939 332,3939 329,3939 327,3939 324,3939 303,3955 292,3960 268,3955 220,3947 218,3947 135,3960 141,4008"/>
        <Baseline points="141,4008 1638,3947"/>
        <TextEquiv conf="0.9952329695224762">
          <Unicode>compressionis vincet et ex Tubo AB. in</Unicode>
        </TextEquiv>
      </TextLine>

      
      
      <TextLine id="eSc_line_a5d0bd80_b" custom="structure {type:default;}">
        <Coords points="170,4120 212,4133 236,4138 239,4138 242,4138 244,4138 247,4138 258,4130 274,4115 393,4107 449,4120 460,4120 462,4120 465,4120 470,4117 502,4101 622,4101 627,4109 638,4117 638,4120 641,4120 643,4120 646,4120 691,4117 694,4117 697,4117 710,4104 723,4096 731,4104 744,4115 747,4115 750,4115 752,4115 1024,4104 1026,4104 1029,4104 1050,4085 1061,4075 1101,4075 1117,4083 1151,4099 1154,4099 1157,4099 1159,4099 1210,4077 1215,4075 1221,4077 1250,4085 1253,4085 1255,4085 1258,4085 1261,4085 1261,4083 1274,4072 1279,4067 1295,4072 1330,4083 1332,4083 1335,4083 1338,4083 1340,4083 1362,4069 1367,4064 1386,4067 1439,4077 1441,4077 1444,4077 1447,4077 1463,4061 1471,4059 1489,4061 1551,4069 1553,4069 1556,4069 1559,4069 1577,4056 1582,4053 1590,4056 1649,4075 1652,4075 1654,4075 1657,4075 1735,4051 1752,3997 1752,3995 1672,3982 1564,3987 1561,3987 1548,3974 1545,3974 1543,3974 1540,3974 1436,3990 1388,3976 1386,3976 1383,3976 1380,3976 1327,3997 1322,3997 1316,3997 1261,3984 1258,3984 1255,3984 1253,3984 1253,3987 1237,4000 1223,4000 1045,3997 1042,3997 923,4013 904,4016 896,4016 861,4005 859,4005 856,4005 854,4005 827,4019 824,4019 819,4019 742,4005 739,4005 423,4019 420,4019 364,4040 359,4040 356,4040 305,4024 303,4024 300,4024 297,4024 244,4045 239,4048 133,4048 133,4057 135,4088 138,4136"/>
        <Baseline points="135,4088 1234,4035 1744,4021"/>
        <TextEquiv conf="0.9741938625063215">
          <Unicode>vas D. delabens, tantumque comprimet aerem vasis,</Unicode>
        </TextEquiv>
      </TextLine>

      
      
      <TextLine id="eSc_line_b230aa96_b" custom="structure {type:default;}">
        <Coords points="1630,4067 1420,4059 1418,4059 1415,4059 1340,4083 1338,4083 1335,4083 1285,4064 1282,4064 1279,4064 1277,4064 1274,4064 1274,4067 1255,4085 1253,4085 1250,4085 1197,4075 1194,4075 1106,4088 1077,4093 1072,4091 1050,4075 1048,4075 1045,4075 1042,4075 1040,4075 1037,4075 1013,4091 1008,4096 995,4093 971,4085 968,4085 965,4085 846,4096 760,4104 752,4099 742,4088 739,4088 736,4088 734,4088 654,4101 606,4109 579,4104 540,4093 537,4093 534,4093 532,4093 529,4093 529,4096 516,4107 508,4112 484,4107 446,4099 444,4099 396,4109 356,4120 212,4120 202,4115 186,4101 183,4101 180,4101 178,4101 175,4101 134,4114 134,4197 180,4213 183,4213 186,4213 188,4213 191,4213 210,4197 226,4184 282,4184 319,4194 369,4208 372,4208 375,4208 377,4208 423,4192 460,4178 492,4189 500,4192 502,4192 505,4192 508,4192 513,4189 542,4176 699,4184 702,4184 705,4184 707,4184 752,4168 816,4181 861,4192 864,4192 867,4192 888,4181 923,4162 1167,4168 1170,4168 1173,4168 1207,4152 1255,4170 1258,4170 1261,4170 1263,4170 1327,4154 1364,4170 1367,4170 1370,4170 1372,4170 1375,4170 1378,4170 1396,4157 1415,4168 1420,4170 1423,4170 1426,4170 1593,4168 1596,4168 1609,4165 1692,4138 1706,4141 1684,4125 1730,4066 1735,4050"/>
        <Baseline points="134,4168 1109,4125 1692,4114"/>
        <TextEquiv conf="0.9679954816465792">
          <Unicode>D. comprimet. Ute appareat aerem vasis D. esse</Unicode>
        </TextEquiv>
      </TextLine>

      
      
      <TextLine id="eSc_line_b4a4a11b_b" custom="structure {type:default;}">
        <Coords points="367,4279 369,4279 375,4277 438,4258 497,4269 500,4269 566,4256 609,4271 619,4274 622,4274 625,4274 627,4274 641,4269 686,4253 776,4263 814,4269 816,4269 819,4269 822,4269 827,4263 846,4248 891,4261 909,4266 912,4266 915,4266 917,4266 920,4266 928,4258 955,4245 1082,4253 1085,4253 1178,4240 1242,4250 1287,4256 1290,4256 1292,4256 1311,4248 1330,4237 1356,4245 1383,4253 1386,4253 1388,4253 1391,4253 1394,4253 1407,4242 1426,4232 1559,4240 1694,4245 1697,4245 1771,4232 1794,4227 1783,4197 1717,4149 1114,4154 1005,4173 973,4181 134,4197 134,4224 135,4242 135,4282"/>
        <Baseline points="135,4242 1133,4205 1781,4196"/>
        <TextEquiv conf="0.9906472195278514">
          <Unicode>compressum hoc experimentum institui potest, Immittatur</Unicode>
        </TextEquiv>
      </TextLine>

      
      
      <TextLine id="eSc_line_c0d57875" custom="structure {type:default;}">
        <Coords points="154,4359 255,4354 266,4359 287,4370 289,4370 292,4370 423,4351 492,4343 502,4349 526,4365 529,4365 532,4365 534,4365 635,4343 651,4341 665,4343 726,4357 728,4357 731,4357 734,4357 760,4338 771,4330 917,4327 949,4330 1053,4346 1056,4346 1058,4346 1120,4325 1125,4322 1130,4325 1170,4341 1173,4341 1175,4341 1178,4341 1215,4319 1218,4319 1245,4333 1247,4333 1250,4335 1452,4335 1452,4333 1455,4333 1513,4317 1604,4327 1606,4327 1697,4306 1747,4322 1750,4322 1753,4322 1755,4322 1809,4295 1809,4271 1794,4229 1606,4221 1604,4221 1601,4221 1553,4232 1545,4234 1540,4234 1508,4221 1505,4221 1503,4221 1407,4237 1364,4242 1351,4237 1322,4224 1319,4224 1316,4224 1314,4224 1311,4224 1290,4240 1279,4245 1263,4240 1234,4229 1231,4229 1229,4229 1226,4229 1223,4229 1223,4232 1221,4232 1215,4240 1207,4248 1117,4242 995,4234 992,4234 925,4245 885,4253 877,4248 867,4240 864,4240 861,4240 859,4240 856,4240 854,4240 843,4248 827,4258 803,4248 784,4242 782,4242 779,4242 776,4242 774,4242 774,4245 768,4250 755,4263 710,4250 686,4245 683,4245 681,4245 678,4245 659,4253 625,4263 513,4256 481,4253 478,4253 476,4253 473,4253 470,4256 438,4274 388,4258 383,4256 380,4256 377,4256 375,4256 367,4258 297,4279 148,4263 154,4327"/>
        <Baseline points="154,4327 1034,4285 1809,4271"/>
        <TextEquiv conf="0.9877899531964902">
          <Unicode>ei vesica inflata, haec delapsu Mercurii fiet flaccida</Unicode>
        </TextEquiv>
      </TextLine>

      
      
      <TextLine id="eSc_line_26070370" custom="structure {type:default;}">
        <Coords points="1636,4317 1606,4322 1394,4325 1380,4322 1332,4303 1330,4303 1327,4303 1122,4327 1037,4335 1005,4327 941,4314 939,4314 766,4333 646,4349 452,4349 441,4341 430,4333 430,4330 428,4330 425,4330 423,4330 420,4330 391,4341 351,4354 300,4343 276,4338 274,4338 271,4338 255,4343 218,4357 159,4346 162,4404 162,4442 361,4423 532,4431 694,4436 697,4436 699,4436 702,4436 718,4423 728,4415 800,4420 939,4431 941,4431 944,4431 1008,4412 1040,4404 1130,4410 1263,4415 1266,4415 1269,4415 1271,4415 1271,4412 1282,4404 1287,4396 1428,4394 1436,4396 1473,4415 1476,4415 1479,4415 1663,4398 1663,4398 1663,4398 1686,4396 1817,4407 1819,4407 1822,4407 1857,4391 1928,4399 1931,4399 1934,4399 1936,4399 1955,4381 1955,4357 1952,4336 1818,4297 1816,4290"/>
        <Baseline points="162,4404 1088,4365 1955,4357"/>
        <TextEquiv conf="0.9814378669706442">
          <Unicode>et tanto magis quanto plus Mercurii illapsum est seu quanto</Unicode>
        </TextEquiv>
      </TextLine>

      
      
      <TextLine id="eSc_line_72e4887e" custom="structure {type:default;}">
        <Coords points="148,4519 279,4503 337,4516 385,4527 388,4527 391,4527 393,4527 393,4524 407,4514 423,4498 486,4511 502,4514 505,4514 508,4514 516,4511 558,4492 654,4506 736,4516 739,4516 1045,4508 1048,4508 1050,4508 1072,4490 1088,4479 1144,4490 1157,4490 1159,4490 1162,4490 1173,4487 1226,4474 1255,4484 1274,4492 1277,4492 1279,4492 1282,4492 1308,4482 1327,4476 1343,4482 1370,4490 1372,4490 1375,4490 1378,4490 1380,4490 1380,4487 1391,4479 1407,4463 1489,4463 1513,4476 1540,4492 1543,4492 1545,4492 1548,4492 1551,4492 1598,4479 1665,4490 1668,4490 1670,4490 1673,4490 1676,4487 1663,4398 1790,4434 1917,4405 1915,4391 1449,4389 1447,4389 1372,4402 1351,4404 1335,4402 1285,4391 1282,4391 1279,4391 1234,4404 1210,4410 1186,4404 1130,4394 1128,4394 1053,4407 1016,4415 995,4410 973,4402 971,4402 968,4402 965,4402 963,4402 952,4410 941,4418 875,4412 792,4404 790,4404 787,4404 784,4404 774,4415 760,4423 678,4415 606,4410 603,4410 601,4410 598,4410 587,4418 572,4428 548,4418 532,4412 529,4412 526,4412 481,4420 409,4434 364,4423 345,4418 343,4418 340,4418 146,4426 148,4479"/>
        <Baseline points="148,4479 1285,4447 1516,4452 1670,4443"/>
        <TextEquiv conf="0.6612455139265341">
          <Unicode>terudius et aumi tigis pnter aeou </Unicode>
        </TextEquiv>
      </TextLine>

      
      
      <TextLine id="eSc_line_11303366" custom="structure {type:default;}">
        <Coords points="167,4612 231,4585 308,4609 319,4612 326,4612 359,4609 465,4593 489,4604 501,4611 526,4611 542,4604 561,4593 792,4580 917,4580 944,4593 965,4608 1175,4607 1218,4588 1239,4580 1261,4588 1311,4606 1460,4605 1524,4580 1551,4572 1692,4572 1705,4577 1746,4603 1829,4603 1915,4575 1976,4599 1979,4599 1982,4599 1984,4599 1987,4599 2011,4583 2120,4593 2123,4593 2125,4593 2232,4564 2232,4532 2226,4474 2131,4471 2128,4471 2125,4471 2117,4474 2083,4487 2029,4476 1971,4463 1962,4464 1950,4476 1947,4479 1817,4487 1795,4480 1677,4491 1676,4487 1660,4490 1644,4482 1614,4466 1612,4466 1609,4466 1391,4468 1388,4468 1386,4468 1367,4484 1354,4492 1242,4487 1104,4479 1101,4479 992,4490 909,4498 827,4492 611,4476 609,4476 606,4476 550,4495 534,4500 513,4498 449,4484 446,4484 444,4484 441,4484 441,4487 428,4498 420,4506 353,4506 343,4500 311,4482 308,4482 305,4482 162,4500 164,4556"/>
        <Baseline points="164,4556 893,4540 2232,4532"/>
        <TextEquiv conf="0.9936241388320923">
          <Unicode>relictum dilatatione vim pati, adfuniculum stabiliendum</Unicode>
        </TextEquiv>
      </TextLine>

      
    </TextRegion>
    
    <TextRegion id="r0"  custom="structure {type:MarginTextZone;}">
      <Coords points="1966,1880 1981,2084 2321,2087 2344,1994 3102,2018 3078,1877"/>
      
      
      <TextLine id="eSc_line_3e710cca" custom="structure {type:default;}">
        <Coords points="3008,1880 3006,1880 2974,1896 2971,1899 2902,1901 2639,1904 2607,1893 2564,1878 2502,1879 2484,1893 2466,1909 2335,1909 2314,1891 2301,1880 2298,1880 2295,1880 2293,1880 2011,1888 1998,1891 1971,1896 1974,1952 1974,1989 1975,2000 2003,2008 2005,2008 2008,2008 2011,2008 2011,2005 2019,2000 2037,1981 2080,1981 2096,1997 2099,1997 2099,2000 2101,2000 2104,2000 2107,2000 2109,2000 2125,1995 2178,1979 2221,1992 2229,1995 2232,1995 2234,1995 2237,1995 2240,1995 2242,1992 2258,1979 2357,1976 2375,1987 2378,1989 2381,1989 2383,1989 2386,1989 2415,1987 2503,1973 2567,1973 2583,1981 2609,1997 2612,1997 2615,1997 2617,1997 2620,1997 2673,1981 2790,1997 2793,1997 2953,1995 2955,1995 2958,1995 2974,1981 3080,1992 3083,1992 3086,1992 3097,1987 3082,1899 3078,1899 3078,1896 3062,1883 3035,1880"/>
        <Baseline points="1974,1952 3088,1934"/>
        <TextEquiv conf="0.9752528168059684">
          <Unicode>ex ipso Mercurio ab aere non purgatao</Unicode>
        </TextEquiv>
      </TextLine>

      
      
      <TextLine id="eSc_line_55d342b0" custom="structure {type:default;}">
        <Coords points="2072,2085 2319,2087 2319,2016 2311,1971 2069,1981 2072,2024"/>
        <Baseline points="2072,2024 2319,2016"/>
        <TextEquiv conf="0.9748215741581387">
          <Unicode>expressus</Unicode>
        </TextEquiv>
      </TextLine>

      
    </TextRegion>
    
    <TextRegion id="r1"  custom="structure {type:MarginTextZone;}">
      <Coords points="1960,2404 1925,2530 2335,2541 2844,2542 2844,2411"/>
      
      
      <TextLine id="eSc_line_82ec3573" custom="structure {type:default;}">
        <Coords points="2756,2447 2729,2436 2713,2428 2601,2412 2599,2412 2596,2412 2559,2433 2543,2417 2543,2415 2540,2415 2538,2415 2468,2409 2466,2409 1960,2428 1960,2487 1958,2521 2077,2529 2080,2529 2083,2529 2099,2524 2144,2511 2192,2527 2210,2532 2213,2532 2216,2534 2375,2534 2375,2532 2391,2529 2466,2511 2535,2532 2538,2532 2540,2532 2543,2532 2546,2532 2548,2532 2588,2513 2732,2513 2796,2534 2804,2481 2785,2457 2782,2457"/>
        <Baseline points="1960,2487 2208,2468 2804,2481"/>
        <TextEquiv conf="0.9967246017148418">
          <Unicode>ut autoribus funiculi videbatur</Unicode>
        </TextEquiv>
      </TextLine>

      
    </TextRegion>
    
    <TextRegion id="r2"  custom="structure {type:MarginTextZone;}">
      <Coords points="1855,3675 1855,3811 2210,3811 2210,3675"/>
      
      
      <TextLine id="eSc_line_6f562d80" custom="structure {type:default;}">
        <Coords points="2101,3700 2075,3697 2048,3697 2021,3694 1995,3694 1968,3692 1942,3692 1915,3694 1896,3710 1888,3747 1884,3811 1962,3811 2019,3803 2047,3811 2126,3811 2133,3763 2133,3700 2128,3700"/>
        <Baseline points="1888,3747 2040,3747 2133,3763"/>
        <TextEquiv conf="0.9974771936734518">
          <Unicode>seu B.</Unicode>
        </TextEquiv>
      </TextLine>

      
    </TextRegion>
    
    <TextRegion id="r3"  custom="structure {type:NumberingZone;}">
      <Coords points="2710,4510 2872,4510 2872,4624 2710,4624"/>
      
      
      <TextLine id="eSc_line_1a531808" custom="structure {type:default;}">
        <Coords points="2766,4545 2740,4548 2740,4577 2740,4623 2754,4624 2809,4624 2812,4577 2812,4551 2793,4543"/>
        <Baseline points="2740,4577 2812,4577"/>
        <TextEquiv conf="0.9864798188209534">
          <Unicode>b</Unicode>
        </TextEquiv>
      </TextLine>

      
    </TextRegion>
    
    <TextRegion id="r7"  custom="structure {type:MarginTextZone;}">
      <Coords points="1763,2198 1772,2354 2051,2339 2037,2219"/>
      
      
      <TextLine id="eSc_line_a2c05628_a" custom="structure {type:default;}">
        <Coords points="1968,2231 1942,2229 1849,2229 1777,2210 1774,2210 1771,2210 1769,2210 1766,2210 1766,2213 1764,2215 1771,2335 2003,2332 2003,2268 1995,2231"/>
        <Baseline points="1767,2273 2003,2268"/>
        <TextEquiv conf="0.9735547569062974">
          <Unicode>Exper. 8.</Unicode>
        </TextEquiv>
      </TextLine>

      
    </TextRegion>
    
    <TextRegion id="r8"  custom="structure {type:MarginTextZone;}">
      <Coords points="1761,4020 1725,4124 1818,4181 1970,4168 2000,4082"/>
      
      
      <TextLine id="eSc_line_a5d0bd80_a" custom="structure {type:default;}">
        <Coords points="1755,4045 1755,4037 1752,4046"/>
        
        <TextEquiv>
          <Unicode></Unicode>
        </TextEquiv>
      </TextLine>

      
      
      <TextLine id="eSc_line_b230aa96_a" custom="structure {type:default;}">
        <Coords points="1886,4096 1859,4088 1833,4077 1817,4061 1751,4049 1725,4124 1780,4158 1790,4160 1795,4160 1798,4160 1966,4154 1966,4109 1936,4099 1912,4104"/>
        <Baseline points="1729,4113 1966,4109"/>
        <TextEquiv conf="0.8879494567712148">
          <Unicode>eper g</Unicode>
        </TextEquiv>
      </TextLine>

      
      
      <TextLine id="eSc_line_b4a4a11b_a" custom="structure {type:default;}">
        <Coords points="1765,4148 1818,4181 1970,4168 1978,4146"/>
        
        <TextEquiv>
          <Unicode></Unicode>
        </TextEquiv>
      </TextLine>

      
    </TextRegion>
    
    <TextRegion id="r4"  custom="structure {type:GraphicZone-figure;}">
      <Coords points="2978,371 2872,385 2843,488 2903,507 2859,565 2892,697 2927,739 2971,736 3107,545 3148,539 3125,503 3067,508 3047,410"/>
      
    </TextRegion>
    
    <TextRegion id="r5"  custom="structure {type:GraphicZone-figure;}">
      <Coords points="2266,359 2269,362 1968,451 1973,763 1890,766 1891,822 1960,833 1993,1090 2702,1124 2763,472 2611,383"/>
      
    </TextRegion>
    

    
  </Page>
</PcGts>
