1401 2149
263 127 851 191 Lece et uliam notionem
968 105 1293 191 si spatium fictu
266 167 1383 276 lansum, (sive superficiei sive solidi) sit clausum
228 247 1011 347 nox potest recta clundi in solida
1035 241 1341 313 omnis linea
253 293 1305 408 in parte ambitus ducta, ubi ad partis illius
261 356 1287 454 terminum pervenit, continuari potest in alia
261 405 1306 525 ambitus parte; allioqui ambitus non erit plenus
249 471 1261 581 intiger terminatio hjabit.. Ex. gr. Esto
432 532 1336 632 pyramis ABCD in parte ambitus, nempe
433 587 1291 699 tuangulo ABC, ducatur linea AE.. quod
440 649 1305 754 si jam hiaret ambitas, seu abesset bntis
468 706 1343 808 AF BCd, non posset continuari linea AE
476 758 1288 851 in alia ambitus parte, sed hic sisteretur
438 810 1322 925 sed posito spatius. Claudi ope qua Hi frian-
439 896 1225 978 guli BCd potent 2 continuari extra
765 876 898 919 nea ab
1094 864 1246 910 in ambitu
395 928 1324 1050 pyramitem necb: gr ad EF per lineam EF
263 1006 1318 1125 perae pretum foret ostendere, quomodo
195 1087 1114 1180 Una harum notionum ex alia noscatur
287 1130 1286 1248 Ad conciliandas notiones ostendendum esset
179 1220 661 1328 si ex puncto al plani
695 1198 1297 1285 ACd, quod sit G ducatur in H
404 1259 1258 1363 punctum plani ABC, recta G, et in ea
409 1320 1300 1411 sumatur punctum K, id punctum K c
421 1370 1275 1468 cadere intra spatium clausum, rectan que
446 1427 1319 1530 ex  eo eductum, si producatur
443 1480 1268 1592 necessario incidere in aliquod ambitus
440 1562 870 1653 punctam velut L.
89 2078 347 2103 COTTFREO MITIEIM LEIBIUZ DIBLIOTTIER
782 2076 1194 2117 Signatur: LH3S, I, I2, (3OI- 16
90 2095 348 2126 NMIFOCRSACHSISCIE LAMOESBIBUOTIER
