3292 4765
129 68 1798 206 arctius est. Ideo et pondus liquoris in ab. tanto fortius
105 158 1853 307 erit resistet. Ergo si in fic Ergo liquores vim Elasticam in
140 262 1713 407 exercitio vis Elasticae quoque liquorum non minus quam
172 336 1718 500 gravitatis, nihil ad rem pertinebit crassaties.
235 423 1732 577 Jam in exercitio vis Elasticae in universum
119 516 1774 688 nihil ad rem pertinet suspensio ponderis altitudine
119 608 1729 775 ejus non variatur per Experim. 2. Ergo sola species
121 693 1636 873 liquor su (in qua gradum tensionis comprehendo
156 762 1876 934 nam corpus idem ut aer pressus est se ipso in
127 849 1811 1032 ordinario statu relicto in specie gravior)
137 950 1766 1130 superest, quae suspensionem variare possit. Inspice
164 1024 1763 1220 figuram.  In quo Tubus ab. utrinque apertus
140 1135 1750 1297 supra in orificio superiore a exit in aerem
135 1201 2073 1400 liberum, orificio b. intrat in vas aere clauso plenum
1692 1291 1774 1392 t
121 1313 1687 1500 infundatur Tubo, quantum satis est ut
140 1413 1745 1585 Tubo Mercurii quantumvis ut de. data tantum opera
113 1474 1843 1670 ut per latera non defluat aerique vasis c. tubius
158 1556 1718 1757 ebc exitum relinquat. Quod caveri potest, si
971 1667 1069 1741 nite
113 1654 1882 1863 tempore infusionis fame f. in Tubo ab. infra
95 1760 1734 1956 eaperias, ut aer exire possit et ubi Mercurius
121 1839 1702 2035 usque ad de defluxit, claudas. Hoc
132 1945 1652 2131 facto Mercurius gravitate sua descendet nonnihil
137 2014 1729 2228 ut ex de in dd. aeremque proinde ebc comprimet
97 2109 1753 2318 in locum minorem eebc. Superfundatur Mercurii
148 2197 1745 2398 quantumvis,summum suspensionis punctum
121 2276 1798 2493 erit semper erit dd. Mutetur Tubi crassities
127 2379 1827 2581 et apro ab. sumatur aa bb.dum
127 2459 1869 2660 nihil referet modo Mercurius non per latera Tubi aa bb
121 2557 1893 2747 defluat, sed inter utrumque fatus spatium repleat.
129 2626 1753 2829 Quo acto Quod fies si orificium ejus AA totum
121 2710 1814 2933 Mercurio inseratur immergatuur Epistomio scilicet
127 2816 1734 2996 ut antea, interim aperto postea clauso. Mutetur
111 2904 1644 3081 item crassities vasis  invas et pro vase c.
108 2983 1700 3187 substituatur cc. ajo id nihil referre semperque
156 3078 1745 3258 summam Mercurii altitudinem mansuram ddee
153 3163 1824 3348 At si mutetur species liquorum, mutabitur punctum
140 3245 1925 3436 suspensionis Infusae enim aquae nunquam descendet
172 3324 1957 3541 quantaecunque punctum summum nunquam descendet
113 3401 1912 3631 ddd. Si in vase c. (loco aeris ordinarii
129 3507 1808 3735 sit aer compressus; at vero punctum suspensionis
148 3608 1811 3819 Mercuriierit infra dd. si
156 3676 1848 3883 aer vasis c. sit ordinario rarior. Obite annoto
150 3769 2430 3970 hoc Experientiae genus posse appellari Barocopium (vel Tubum Cori cellianu)
143 3886 1734 4058 inversum. Ut enim in communi orificium inferius exit
161 3936 1856 4124 in alerem liberum superius clausum est, ita, hic contra
169 4018 1895 4222 Ex his intelligi etiam pt potest, assumtis diversis
108 4100 1737 4317 Tubis Exhis intelliu etiam potest etsi Tibus ab
190 4224 1838 4407 heorema hhic demonstratum etiam ita concipi
156 4277 2338 4479 potest: Liquores Elastici non resistunt secundum amplitudinem
158 4378 2216 4595 magnitudinem, sed speciem; Sed ut haec clarius appareant ecce
323 4494 1872 4669 Sed haec larius apparebunt ex prop. seq.
1880 391 2733 520 sive liquidorum  solidorum
1946 749 3133 897 Est et haec difforentia, quod in liquoribus en
1954 849 3119 966 sola classities cum ergo de gravitate
1994 931 3127 1032 liquorum quaestio est sola crassitie
1983 979 3159 1095 cum de Elaterio tota capacitas nihil
2004 1045 2709 1164 ad rem pertinet.
2012 3367 2476 3478 idem eveniet
2034 4534 2433 4648 e Exper
2894 4506 3001 4626 AH
