3291 4777
167 164 544 329 exper
188 225 1865 432 ostensum est prop. praecedenti
517 201 759 310 prop. 5
124 337 1661 544 in Liquidis si pondus pariter et Elasticum liquida
138 435 1847 631 sint, nihil referre, quanta sit capacitas alterutrius
164 525 1802 737 Sed si vero solida sint, eo casu nihil refert
167 628 1634 822 quanta sit capacitas seu magnitudo Elaterii
196 700 1796 902 dummodo homogeneum sit, refert vero quantum
159 788 1889 1003 sit pondus. Cessat enim ratio illa Hydrostatica quam
130 886 1783 1082 Tuborum amplitudine per motum compensata
129 979 1796 1165 petivimus. Propositio ergo haec erit siidem
130 1053 1687 1261 eadem vis (pondus an Elaterium nihil refert)
164 1159 1932 1348 Elateriis diversis homogeneis, magnitudine differentibus
193 1239 2056 1438 applicetur spatia corpori compresso ademta
1515 1337 1632 1403 compi
1669 1326 2210 1435 Vo addita, tenso ademta
145 1358 1762 1531 aut tenso additur aequale est qualia erunt,
1382 1441 1600 1525 nitidine
153 1472 2303 1642 etsi ipsa corpora Elastica sint inaequalia Dummodo non sintinae qualiter
1857 1541 2083 1640 Elastica
193 1563 1823 1754 Cujus propositionis veritas, h Experimento comprobari
1414 1642 1480 1722 ab
180 1650 1879 1849 aut falsitas revinci potest. Esto Tubus infra clausus in b.
188 1751 1735 1937 In cujus Epistoo medio alicubi, at in c. sEpisto–
2255 1772 3110 1881 duas Tubi partes ec. et cb
183 1833 3182 2006 nium quod modo aperiri modo claudi possit, non ut intret aer externus, sed ut communicatio inter fu
647 1950 695 2024 un
2009 1932 3174 2051 hubos modo permittatur, modo negetu
159 1937 1669 2101 Aperiatur primum Mercuriusque descendat de.
185 2022 1756 2194 descendat quousque lubet in potest in dd ee
199 2120 1746 2274 Ajo si Epistomium f non fuisset apertum, cum
167 2208 1584 2359 descenderet sed clausum, seu si Tubus fuisset,
180 2282 1730 2436 non longitudinis eb sed solum longitudinis ec
159 2372 1656 2521 Mercurium nihilominus descenturum fuisse
175 2460 1637 2595 per altitudinem eandeme dd. seu non ultra
177 2537 1677 2680 quam ex de in dd ee. Hujus rei r Demonstratio
188 2614 1741 2765 haec est: Spatium ab aere Tubi intio, ante Mercuurii
172 2704 1762 2844 descensum occupatum est eb, si Tubus est major, ec.
191 2781 1738 2929 si minor Post descensum eeb. Ergo spatium
196 2850 1942 3009 descensu abtatum est eee.  aer ergo qui in spatio e ee
188 2935 1698 3094 fuit locum in reliquo aereee b quaerit,
185 3001 1727 3174 seu reliquus aer totus comprimitur aequaliter,
169 3089 1831 3243 ut enim aer loco suo exul in proximo hospitium
167 3174 1841 3335 quaerit, ita proximus in sibi proximum intrare conatur
183 3245 1937 3410 ut locum faciat novo: Omnes ergo aeque sufferunt,
191 3322 1786 3476 seu aer exul per caeteros aequaliter distribuitur. Hinc
175 3391 1796 3582 quanto major est locu major est aer comprimendus tanto
233 3460 1738 3643 minor est compressio partium singularum, ano
199 3542 1637 3726 et quanto minor est aer tanto
177 3603 1730 3803 materia, tanto major est gradus compressionis.
199 3683 1682 3879 Duo autem summa compressionis fit ex ductu
199 3760 1751 3970 materiae in gradum. Ergo eadem est summa com–
183 3845 1645 4060 pressionis, si Materia aucta minuitur gradus
191 3914 1626 4134 contra, ergo eadem est summa compressionis
209 3991 1733 4198 se idem effectus pondere per eandem altitudinem
196 4068 1664 4283 deendete seu tantundem aeris constat autem si
191 4137 1833 4362 duo sunt factores v. g. 2. e. et uno minuton
2309 4253 2574 4317 ac proinde
183 4219 1853 4437 vverbi gratia, dimidiato alter proportionaliter.
2332 4275 3081 4424 eadem difficultas
222 4309 1820 4524 augeatur, v. g. duplecetur ut 1. et. 16. vel 4. et 4.
238 4384 3206 4567 factum semper esse eundem. Eadem ergo est summa compressionis, se pronde sive idem aer exul
265 4437 3163 4644 in plures majorem sive in minorem minuedum comprimendum distribuatur;ut autem idem
461 4530 2924 4704 sit aer exit, eodem descensu opus est. Ergo quantae cunque congitudinis frat Tubus ab.
1916 2558 2547 2706 majoris, seu totius ab
1956 3396 2348 3476 seu maleria
1963 3537 3147 3643 Mercurius non descendet is usqu ad t
1958 3609 3152 3718 Sed idem erit spatium ademtum eec.
2003 3686 3206 3795 quod erat demonstrandum. Demonstra–
1995 3760 3219 3882 tio est irrefragabilis, sed it harmo
1993 3829 3235 3948 cum caeteris naturae principiis intellecta a
2009 3911 3216 4047 fiati illustrior, haec ad jungenda duxi:
