3347 4813
160 163 1819 278 Hujus rei Experimentum capi poterit hoc modo: Sumatur liquo
171 235 1757 368 Mercurius aere purgatus, todcatur ei exigua aeris bullula
195 312 1757 451 sit maxima, tubi altitudoquanta maxima commode
206 395 1642 534 haberi potest; bulla introducta a liquore expressa
157 470 1650 620 liquoris descendere iitentis gravitate velut elisa locum
163 545 1666 695 a liquore replendum iplere tentabit sumatur Tubus
157 644 1680 791 quam longissimus (etsi pro Mercurio sufficiat minor quam
155 716 1648 874 pro aqua) iB. plenus liquo clausus in A.
173 807 1581 946 in Quem liquor (ut Mercurius) immittatur per
147 909 449 975 orificium surs
173 877 1664 1021 vs apertum B ita tamen ut tubus multum absit a pleno
184 954 1658 1106 si invertatur Tubus ita ut orificium intret in vas eodem
181 1021 1624 1203 liquore stagnans C. si mercurius fuit aqua purgatus
195 1112 1458 1286 aere purgatus non est, delabetur in vas
1377 1165 1396 1254 e
1455 1131 1728 1229 at altitudineB
197 1179 1669 1363 nisi 2 ad su circiter pollicibuus ultra ejus superficiem
208 1270 1605 1441 eminebit, sin aere purgatus sit totus suspensus
149 1336 1661 1545 manebit, nisi forte Tubi Nocum D autem in
165 1425 1693 1617 Tubo AD. ad sensum vacuus, reapse aere ex corpore
157 1508 1653 1695 Mercurii (aere non purgati expresso impletus erit.
195 1596 1624 1788 sed eo dilatato seu rarefacto, quod ex eo colligi
192 1660 1656 1863 potest, quia aer externusx foramine in A aperto (ut
192 1754 1656 1949 si vesica obligatum sit, quae acicula perforetur)
179 1820 1763 2021 irrumpit; tum quia aeris externi pressio Mercurium
206 1909 1763 2107 ad locum replendum sursum repellere conatur, quod
187 1994 1731 2200 non faceret si is a tergo aeque seu in tubo ac
189 2066 1760 2264 ante se seu extra tubum aerem aequalis pressionis
203 2160 1755 2358 seu Elaterii haberet. Hinc sequitur etiam non posse
203 2235 1763 2430 Mercurium suspensum praecise aequiponderare massae
197 2334 1744 2505 aereae in aere libero aut Elaterio seu pressioni aeris
203 2398 1760 2596 clausi, senisi ei adiiciatur sed vetrahendam
1407 2465 1800 2545 Elaterium ars
189 2502 1664 2668 esse ab ejus pondere vim funiculi seu vim qua aer
192 2569 1747 2748 in Tubo loco per descensum vacuato nimis dilatatus se
224 2633 1749 2828 contrahere nititui nisi ei addatur pondus aeris in Tubo
211 2762 1005 2903 post tergum relicti. DA.
1094 2719 1755 2855 uod si jam aer Ela
216 2786 1894 2986 terio proprio se expandere potest in infinitum, Mercurius
184 2869 2185 3077 (modo scilicet nihil sit quod eum comprimat)
192 2941 2469 3163 ita ut gut aeris implereseu ar (inam Recipiente exhausto)
197 3066 1763 3248 tendere possit vesicam diametri quantaecunque, eadem
197 3128 1899 3334 evenient, quantacunque sit Tubi altitudo, et quantulacunque
219 3208 1739 3414 bulla aeris l in liquore relicta aut ei
206 3291 1856 3468 immissa sit sufficiet enim loco  in Tubo Vacuo
203 3363 1771 3566 relicto quantocunque implendo, et Mercurius semper descendet
197 3441 1875 3644 ad altitudinem usque consuetam. Quod si aliquando aer ad terminos
224 3532 1755 3732 pervenit ultra qu expandi non ipto te st itt potest tubus tam
216 3612 1856 3788 longus cogitari (etsi incertum hactenus an et opere obtineri
222 3679 1830 3866 ut bMercurius descendere non possit,ulr
214 3772 1795 3930 ebitdilatet,, ate ita suspensus ualtitudn
224 3847 1717 4000 etmaneat ne aerem ultra debitum dilatet.
206 3890 2049 4093 ne longius descendendo spatium justo majus a tergo relinquin Tubo
206 3994 1388 4171 aerem e qui implere debet nimis dilatet
197 4096 1918 4264 quod aeri quantulocunque faciles est quia m quantutacunque
227 4187 1880 4345 aeris huttula in Vacuo maximam satis exhausto quanta mcunque
235 4264 1891 4414 vesicam tendere potest. Aer enim resistit quidem comprimenti
251 4334 1880 4505 sed non dilatanti, ac dilatari potest in infinitum, Elaterio
270 4433 1760 4575 proprio id est circulationis generalis omnia in summam
272 4486 1843 4631 subtititatem  si possit disjicere conantis, vi, mado scilicet
240 4567 2188 4708 non tantundem alibi comprimatur, nihil enim sine compensatione feri potest.
1872 349 2629 441 quaq tamen tanto minorem
1902 403 2686 516 esse sufficit, quanto liqusr est
1891 465 2627 596 gravior et minimatm pro
1904 545 2132 626 Mecurio
1731 1324 3103 1457 quare in Vacuo sufficienter exhausto Mer alquor semper
1739 1398 3149 1537 de scendet, quantelacunque sit tubi longitudo, modo
1795 1478 3143 1609 exigna ei aeris bullula suppetat suantalacunque.
1792 1566 3138 1684 At in aere ordinario, ubi faptum necesse est
1835 1641 3157 1778 ab ipsa liquoris laps comprimi aerem extra
2397 1636 2539 1708 poitat
1864 1724 3170 1839 tubum, quantum relinquendus infra tubum
1864 1796 3132 1925 raresit, fieri potest, ut ob longitudinem
1880 1927 2394 2042 tubi pondus lic
2006 1869 2814 1984 et paucitatem  aeris intus relic
2386 1898 3127 2000 voris ad compressionem
2407 1957 2897 2050 sceptui necessariam
1888 1989 3207 2109 aeris extra tubum ( non sufficiat, ac proinde
1886 2058 3221 2205 aut nbitra altitudinem debitam extra liqu
1878 2152 3207 2288 rem vasis subjecto stagnantem emineat aut
1866 2232 3194 2379 etiam quod est mrabilius intra duas aeres
1920 2339 3181 2481 suspensum maneat. Cujus rei ratio
1937 2414 3205 2566 tam elegantis modum, quia hisdiebus
1963 2497 3178 2644 dum hoc argumentum expendo, inveni
2041 2601 3135 2743 neque hactenus extare memini
2100 2722 3071 2866 hoc loco proponere decreo
2434 1137 3124 1267 debitam usque 27 scirciter
2458 1216 3063 1328 pollicum altitudinem
2030 3358 2710 3470 aut non facile posest, id est
1971 3410 3165 3580 aut si aer resistit dilatanti, (quod hactenus
2025 3489 3218 3663 deprehendi non potuit uti resistit comprimenti
2017 4278 2763 4406 quantum sensu judicari queat
1942 4439 2638 4579 qualis aeris rulanto est
2862 4395 2961 4505 10
