4602 4253
2444 184 3531 297 Cuclides summum rigorem observare
2396 269 3495 382 voluit in demonstrando: idet probat quod
2387 340 3536 448 in triangulo duo latera sint tertio majora,
2375 401 3465 533 quod ut Epicu ei ridentes ajebant etiam
2406 474 3467 600 asinus novit. Interea non probat
2396 538 3566 697 alia quae magis probatione indigere videntur
2396 637 3491 784 exempli causa, in prop. 1. lib. 1. ubi
2418 711 3484 860 Triangulum aequilaterum iuper data
2425 770 4370 947 basi constituere docet, assumi  circulos ex recta (quae pro basi sumitur)
2396 864 3621 1020 duos ex bnseos extremis, et intervallo sius rectae
2410 930 3703 1108 bnsers descriptos, sese secare. Quod non equidem ita
2406 975 4286 1167 manifectum est. eo protundum es) se secare extra ipsam rectam ute pi roductam
2420 1093 3663 1245 illo sane si quis ponat siangulum aequitatem
2413 1171 3602 1339 super data recta esse possibile, sequitur circlos
2399 1285 2713 1398 se secare.
2444 1290 3538 1455 praeterea si ponatur nangulum aequitaterum
2432 1360 3517 1516 possibile super aliqua recta dabitur et super
2439 1429 3510 1575 qualibet recta locet majure vel minore, quia
2434 1483 3510 1627 priangula aequitatera sunitequ omnia possibilia
2422 1552 3455 1687 sunt, alioqui non essent similia. Nemm
2415 1585 3632 1757 ostendendum eset puius duo rangula aequilatera
2451 1708 2713 1833 similia ess
2472 1731 3557 1873 Sed lis missis videam an quod poponitur
2429 1873 3573 1987 LOstendendum est Circulor dibi occurrere
2491 1840 2938 1935 emonstrare liceat
3245 1812 3524 1909 circumferentias
2491 1946 2533 1998 Aa
2439 1930 3536 2074 extra rectam ex cju ex cujus extremis et cujius
2434 1961 4084 2131 internallo describuntur, utcunque productam. Hoc fiet si ostendantur duo:
2425 2027 3701 2187 ostendatoq a, primum circulim circumferentiasu uniqus (DB
2413 2093 3562 2242 este partim in altero partim extra alterum EA
2432 2150 3562 2291 secunda pandem (hoc inim seco posito illa hujus
2427 2202 3616 2346 ambitum secet necesse est persectionis definitioner
2432 2258 3521 2405 deinde termetium se radium pro ductum secare
2432 2306 3583 2466 circumferentiam in duobus tantum punctis et denique
2432 2360 3507 2521 circulos quorum diametri coincidunt, coincidere
2429 2400 3663 2570 Nam ponatur intersecare se circulos in recta (ABB
2413 2462 3602 2636 utcunque producta in puncto aliquo F seu dari punctum
2408 2502 3916 2686 rectae et duobus circulis istis commuore. Sequitur exrcntorum alterum
2432 2556 3831 2731 cirutu si quem secare rectum in hibus punctis, quod est absundum
2403 2570 4345 2795 ut mox ostendum, sequi autem ita probus, Rdis (A+B) Recta (4B) hoc loco radrius, si producatur
2415 2681 3469 2849 pad circulum. (AE) sergt in uno adhum puncto
2406 2714 3649 2892 eioa extremitate velut centro produm
2413 2773 3543 2944 descriptum secat ad hnc in uno puncto tanti (nam
2429 2828 3488 2993 radius productus circulum secat tantum, in duobus
3053 2880 3469 2988 quae radius etiam est
2444 2918 3016 3052 punctis) et eadem recta
3089 2925 3521 3026 secat eundem in uno
2446 2974 2980 3085 alteri circulo, se BB
2444 2965 3502 3142 ad huc puncto D. Manisistum autem est t
3115 3026 3491 3118 Nullum autem ex
2444 3064 3058 3189 postot t ex hapothesi ut, de
2436 3066 3448 3248 his punctis commune est duobus peirculis et rectae
2465 3095 3720 3279 sirunl. Nam duo quidem sunt centra i unum quodque siun
3004 3175 3472 3258 cujus centra sunt
2486 3220 2933 3333 rculi ergo circuli ill
2465 3208 3559 3390 unt aequalia circumferentia non sint, duo reliqua
2477 3237 3874 3428 sunt unum quodus extra aliquem irculum, nam D est in tadio B(
2474 3310 3675 3485 B e in BA, producto a centro versus circiumferentiam
2465 3364 3618 3527 ergo extra circulum (nam recta producto radius productus
2467 3414 3611 3581 centio versus circumferentiam est extra circulum)
2467 3480 3469 3624 non ergo in lumum ferentia circuli AE. eodem modo
3316 3494 3677 3596 potuisset idem aliter
2453 3544 3129 3678 nec E in circumferentia circuli T
2470 3548 3628 3716 nobari si D cadit ud crcumferentia circuli AE, eodem modo cadet
2474 3600 3618 3754 in circumferentium circuli BB. ergo vel coincidant D et E, adeo
2479 3629 3682 3808 circuli quon endem centum et punctum aliquod crcemferent
2514 3785 2938 3882 ergo unum adum
2524 3659 3857 3853 datur e aliquod punctium commune recta et Auobus circulli peri
2912 3749 3983 3894 adeoque tua cicculo et rectae puncta communia. Emnt
330 4035 1146 4101 COTTFRED MILHEIM LEIBNIIZ BIBLIOTHIEX
3999 4042 4441 4115 Sionatu. 2FI 35. 1. 2. 11II. 6t
316 4108 1151 4167 NIEDERSACHSISCHELANDESBIBLIOTHIEK
