3292 4800
605 152 1643 266 propositio Experimentorum Novorum,
688 240 1579 352 quibus sumtis omnes controversiae
664 317 1637 424 quae circa Aeris pressioneml
677 392 1371 488 videntur definiri posse
133 442 1232 552 Experimenta Pneumatica quibus, publica
168 498 1712 624 Cum impen Illustris Hugenius in novissimio Diario
168 581 1831 722 Eruditorum Experments rem literariam auxitit, admo
488 560 1056 658 mblicatis Illustris Huget
162 690 1664 800 nuere me  Experientiarum quas in eam rem
138 768 1718 888 sum dudum meditatus, et quarum successus omnes ejus
138 848 1734 970 argumenti controversias firma demonstratione dirimere
157 933 1675 1066 posse videtur. Haec publice proponere operae
154 1002 1755 1160 pretum visum est, ut aliis alia pro cujusque commoditate
149 1090 1664 1234 sumentibus quamprimum dubitationibus liberemur.
208 1245 1728 1376 Experim. 1. Experimenta mum sumta proponi;
701 1173 1768 1296 Nec vereor ne quis parum probet.
232 1309 293 1381 ut
154 1314 2062 1469 est enim Ex in Experimentis potissimum, ipsa inventio non casi
157 1400 1760 1549 ad certum finem direda certo consitio ac methodo
146 1485 1787 1624 ad a naturam elatebris protrahendam directa
173 1554 1720 1701 diriganturEt interesset Reipublicae Quare
173 1634 1846 1786 optandum esset directiones Experimentorum faciendorum
157 1720 1541 1874 etiam ab illis proponi qui exequendi otio
765 1808 1109 1882 in aere liber
213 1826 1651 1968 Experim. 1. Esto Tubus Torricellianus Mercurio
152 1888 1816 2074 plenus AB. vas subjectum in quo stagnat alius Mercurius
144 1981 1838 2157 ABC. Mercurius ex AB delabatur in vas subjectum
186 2085 1752 2253 C. ita ut non nisi altitudo ordinaria EB residua
154 2168 1774 2338 it summitas Altitudo Mercurii delabentis BE.
149 2264 1768 2413 .Vas clausum aere ordinario plenum D. in quod
114 2341 1907 2496 intret extremitas Tubi AB; ita tamen ut Epistomium.
109 2418 1792 2581 F. clausum communicationem neget inter pantem Tubi
104 2509 1702 2650 FB. et residuam artem AF apertam in A.
104 2573 1739 2733 versus vas D. et clausam per Epistomium in F. versus
106 2645 1715 2816 Tubum FB Vas Tubus Tubi pars FB. sit
122 2728 1992 2890 Mercurio plena clausa in F. et aperta in B. Et Tubo erecto
114 2802 1835 2973 Mercurius effluet in vas subjectum demta altitudine BE
93 2885 1763 3069 spatibus FE. ad sensum Vacuo relicto Quo facto
109 2954 2290 3157 aperiatur Epistomium F ajo si eo cas Mercurius ex parte saltem
96 3064 1686 3237 BE delabitur in Vas C. veram esse Hypothesin
93 3160 1736 3322 Funiculi seu Aeris Arci dilatati attractionem
122 3237 2192 3408 sin suspensus maneat veram esse Hypothesin quae a pressione seu
120 3325 1637 3490 Gravitate Aeris suspensionem in Tubo repetit.
120 3384 1702 3576 Namex sententia  trancisci Lini et sectatorum
114 3490 1616 3640 tantumi,, sed et aliorum doctissimorum virorum
104 3541 1760 3730 Mercurius in Tubo  non ultra descendere potes
1613 3605 1838 3701 in tubiu
128 3637 1750 3813 possit, quam aerem resialiam ve materiam residuam
1035 3722 1195 3792 ama
112 3722 1694 3904 dilatare potest, hinc illi apunt ab aeris ultra tendi
96 3805 1656 3984 negantis resistentia suspendi Mercurium; nec ad
104 3906 1635 4040 eandem semper altitudinem BE. quantacunque sit
98 3976 1707 4120 altitudo Tubi AB. quia si tubus altior ac proinde
98 4061 1632 4205 dilatatio major, etiam pondus tendens, seu Mercurius
90 4122 2288 4301 elapsus fuit major, tubus enim semtalte fuit plenus Mercurio penius fuit
112 4216 1758 4378 Et haec sententia non est adeo absurda quam quibusdam
125 4301 1637 4456 prima specie specie videtur. Nescio enim an
130 4362 1736 4530 ullum facile phen Experimentum hactenus publicasum
141 4461 1696 4629 reperturus sit, sis quod hunc Funiculum convincat
2400 2922 2993 3050 et satim iterum
2523 2992 2897 3131 claudatur
2405 4613 2702 4734 ant
2862 4589 2986 4664 0+
