3291 4777
175 111 1616 289 etiam alius super alium spatio inter eos relicto
193 254 658 398 poterit suspendi
934 233 1239 360 Exp. 19.
1340 199 1860 360 Porro notabile est
199 291 1783 488 Si Mercurio suspenso continuc, in infinitum affundas
175 408 1749 565 norum, aut adimas priorem; summum
185 477 1910 684 punctum suspensionis nihilominus nunquam nec descensurum,
172 567 1865 756 nec ascensurum, sed fixumm mansurum. Ratio
177 655 1780 841 est quia quantum superfunditur tantum deprimitur
159 748 1677 931 quantum aufertur, tantum attollitur. Quod
196 849 1709 1037 clarius intelligi illustrari poterit Elateri experi–
185 928 1775 1114 mento in Elaterio simplici capto,  ex quo apparebit
161 1027 1714 1191 liquorem non minus contra eundem liquorem, quam contra
145 1109 1722 1273 Elaterium aliquod ex eadem semper altitudine ponderare
156 1194 1645 1350 Mercurius ab. Tubo cf. premens Embolum
119 1279 1672 1438 exacte tubo aptatum bd. embolum autem
148 1380 1600 1525 per chordam cum rota, e communicare, eamque
156 1472 1613 1597 descendendo circumagere, et hac circumactione
1687 1488 1855 1602 summum
161 1531 1791 1682 Elaterium quoddam tendere. Observetur altitudinis
143 1610 1799 1775 ultra quam Mercurius descendere seu Elaterium
153 1709 1610 1836 porio comprimere non potest nempe a.
151 1786 1733 1926 Infundatur plus Mercurii, tantundem semper quantum
116 1868 1690 2011 infundes descendet, at nihilominus summum Mercurii
111 1942 1717 2085 punctum semper manebit a. Cum enim Elateriu
130 2014 1709 2168 sustineat ab. ousinebit additum ad id semper
143 2088 1730 2253 sustinebit, additum autemrmsua  solum
140 2146 1799 2343 quippe nulla resistentia destructum, quam Elaterium
180 2239 1632 2417 in ab sustinendum totam consumit. Ergo
148 2330 1711 2497 quicquid ultra AB additur semper, sine resistentia
153 2409 1719 2566 descendet Elateriumque tendet. Similiter si ex AB.
151 2489 1672 2645 adimas, tantundem sursum pelletur ab Elaterii
140 2576 1783 2722 renisu, sed nunquam ultra A. quare toto Mercurii
138 2648 1685 2802 pondere ablato Elaterium non attollet Embolum
135 2720 1775 2882 ultra A. Hinc elegans propositio conficitur liquorem
153 2802 1717 2964 Elaterium comprimentem nunquam descendere infra
180 2882 1701 3033 altitudinem in quam ipsum Elaterium assurgit
153 2956 1672 3118 non compressum; seu ut liquores ita Elateriu quoque
164 3033 1645 3200 determinatam altitudinem servare cilicet
161 3126 1825 3277 Elaterium ipsum sit liquidum, ut aer, ubi crassites
177 3200 1772 3343 tubi af. nihil ad rem facit ut constat ex aequipondio
140 3269 1810 3442 liquorum. Hinc  Elaterio sicco res succedat, liquor
161 3365 1730 3508 ab aut ejus loco pondus edamquse premens non debet.
180 3434 1727 3593 esse latius quam ut esceat praecise infra a non
156 3511 1685 3672 ultra. Et haec lalitudo semp semel determum nata
159 3598 1640 3763 semper servanda est, altitudine tantum addendo
153 3665 1749 3850 ad pondus demendove variata. A pro comprimendis
164 3760 1727 3927 Elaterus loquidis non est opus hac cuitione. EUt
217 3856 1677 4004 in aere Baroscopium communs eino et Tubus utrinue
1613 3925 1650 4010 a
209 3946 1053 4081 clausus manifeste confirmant.
225 3999 1799 4174 Ex his determinatae in Barsscopio
207 4094 1762 4262 altitudines causam satis derectam puto, quia
204 4187 1751 4331 scilicet aeris columnae, gravitati columnae aereae, aut
180 4272 1836 4421 huic aequali aeris resistentiae ad ulteriorem compressionem
214 4355 1831 4506 aquiponderat. Hinc jam in aere compresso necesse est
230 4434 1879 4601 aeris Baroscopium esse altius, et in rarefacto depressius.
1926 225 2096 355 Exp. 19
1962 1868 3093 1955 et embolum deprimet et Elateriumm
1998 1966 2935 2075 porro tendet, sed munomius
2574 2099 2898 2146 sud n
1932 2104 3198 2205 veleia phaenomena prussam aeris commutii
1942 2170 2372 2285 ter ascripta.
1879 3333 2250 3455 cylindricium
