4956 4416
556 134 2259 255 quaeritur an hoc sequatur ABE est sim. ABL. Et ABF sim. A BM
539 210 2021 323 et AB LE sim. AB MC. Ergo ABLM sim. ABEF sim. ABLM.
652 282 2257 407 omnino sequi arbitior. Moveantur simul, et motu unformi atque aequali, duo
558 341 2426 471 puncta X et Y et X quidem per ABLE, et Y per AB MF totus uterque est similis
547 404 2387 527 sibi, set alter alteri status ergo Ex Ex hoc solo quod auti unum quodque fingulatim
525 456 2436 593 sibi similiter propeditur, sequiturque statum prictem esse similem posteriori. ponamus nde
532 505 2392 642 a cuncgo creccere quadratum  inde a puncto cresere rectam imcrenento aequabili
529 559 2340 728 sing utrumque quaeritur an status unus ab alto discerni non possit ita sane.
525 613 2347 777 si et se si alliquanum sese eo ind permibilate rhabeant ut si, recta sot 22
1741 667 2401 780 itaque ex hoc solo quod anum
525 716 1501 841 non vero si ecus, ut si recta sit 45.
547 718 2374 919 quodus sindiliter sibi progrediatur res nonsequitur se ex hoc quod
547 777 2370 976 ex hno etiam deblminatur allerum, nempe si lexrecto pil talis ut
517 834 2377 1042 ex ipso incemento ipsius quadrati determinetur ut si impar sit dragonalis
527 900 2374 1104 Hinc in Hoc applicatio autem in demonstrationes nostra nonnihil haeret
517 971 2374 1170 sum motus ipsius Y non est tali lege certa deteminatus ex motu ipsius Y nu
502 1023 2433 1224 etii  est determin quantum sit demonstratum; quia nondim demonstratur est rectam
893 1177 974 1241 ta
1035 1162 1052 1224 t
1121 1074 2426 1221 Copus est nova determinatione quae efficiat, ut x et Y ubi
2240 1123 2392 1192 AB. BF
493 1211 701 1312 essescen
709 1175 1467 1295 nvere usque ad B, inde divergant
561 1295 593 1354 b
623 1162 2384 1349 Sed quid se si sic ratiocinemur: ABE  AB AB. NBE ∞ ABF
517 1226 2379 1410 seu AB eodem nodo e habet ad ABE et ad ABF. _ ABE non eodem modo se habet
507 1307 2105 1481 ad ABE et ad ABF. Ergo ABE, non est sim. AB. contra hyp.
583 1346 2404 1550 sint tria puncta XY X, Z et Y. Ex quibus quae simul et uniformiter moveantu
488 1437 2379 1629 _ per de quidem per AB, et X  cinus A pelrgnt post B pergal per BE, + 4 Y est B
483 1491 2414 1670 per BF, et Z  continuetur, ita moveri veruG ut eodem modo se rabeat
475 1548 2426 1756 sar anleo dico et quidem in recta. dico A et  non mansisse in recta, nam sinilia
466 1604 2450 1822 non munent ipsi motui nam motus ipssum non manet similis, motud ipsius Z ergo neus sibi ipsi
485 1663 2426 1871 Hn mansit autem similis motui ipsius E, quia  intro erab mcto se habevat
1403 1722 2414 1859 ut e habet motus ipsius Y, ad motum ipsiui
468 1798 1400 1962 c asum motas ipsim X ad motur ippusz
2284 1852 2357 1943 E
471 1825 2053 2019 nunc vero non amplius est simulas cum namen eodemm nunc
495 1864 2213 2070 nam initio motus ipsius se habebat eode modo ad motum ipsius X et Y
466 1920 2436 2129 notas ipsius X etia c habetiat adem modo nn motum ipsius X et ad motum  sig
480 1997 2446 2212 nunc vero motus, ipsius s ad hac se habet eode modo ad hos duos motus ipsiue
488 2063 2387 2274 vero X motus non, se habet eodem modo ad hos duos motus (x id s  Ergo
473 2208 1035 2345 non sunt amplius similes
1231 2127 2382 2286 sed ostendendum. Q si Mrius, si tria
488 2195 2404 2404 sipliter procedant, x Y umtentur sibi sinuliter X, Y et Z. it
473 2271 2357 2480 et unum quodque procedat sibi siuulits situs aliquandim status ip sorum inter se
468 2350 2374 2556 inde in discernibilis seu simlis sibi fore semper sibi simileum. Sane ita
502 2414 2411 2610 videtur, nam status pio est posterior est veterminatus ex priori.
463 2480 2436 2674 Ex simili autem non nisi sinale t sequitur. habent tamen llacopus rigore
441 2639 689 2737 majore
554 2671 902 2804 e coteu
944 2583 2446 2777 suppono magnum illud postutatum vel Axioma possibili–
493 2661 2406 2880 tatis: Quigquid per se indifferens est feri qo uniformiter. Hinc seossibilis racta
498 2809 1054 2939 seu motus subi similis.
596 2772 2325 2995 s Ope sphare possunt demonstrari etia proprielates lineo retae a
488 2831 2475 3066 duae sphaerae sibo si sibi occuunt in puncto unico, seu sese tangant ad practu
490 2902 2426 3137 est ad duo centra, sui situs unicum. odeoque in recta, sapponitur cirra
502 2985 2372 3204 dato puncto C et alio A, posse dari s spatium claudi per ocum locam
451 3039 2478 3285 locum cmm punctorum, sed ses eodem modo  C habentum ut A e ad C habet
468 3113 2436 3346 dunque locum clandere spetium. Ita ut spatum dividatur in duas part, intra
463 3162 2480 3400 et dtra. quas quomudo distinuvemus.   An simpliciter ud finitum  infi-
434 3231 2394 3461 in tunc? sed haec distructio, est et in ipso finito, an intra dicemus, qod i
446 3292 2399 3513 quo pervenri ut ad centrum non occeorrendo superficiei. Dicemus igtr
446 3346 2367 3581 eati locum omnum puactoum eodem modo ut A sec sese ad C habentum
424 3415 2367 3640 cujus ope omnia puncta, spatii ioiantur in duum geneum puncta, quorum
439 3488 2360 3721 aliqua posab aliquibus possit duci linea ad C, non occurrendo
434 3576 2355 3780 dicto loco est hoc dicetur extin alia ab aliis vero non
426 3630 2473 3863 possit duc, &t haec, esse dicentur exstra, oncipi dende pt dari sphaeras
409 3714 2379 3922 rurtem onnugem habentes, posse et sese attimere posse cuptere e derts.
414 3810 2446 4014 decrescere, et la quidm, ut tresiere quae plura quam ante punc a com
80 2070 353 2154 Haec sut ex
88 2109 409 2198 naco mutilsonis
107 2166 309 2263 in genere
2738 74 3751 206 re hendans decrescere quae contra
3780 51 4695 147 Esse similes inter se idem
2666 112 4806 272 comigeneas hunc unam alia esse minorque. Der decrescend. freri posse ut
2642 181 4796 341 desivant habere partem ite crescendo. lincipiant. Nm cum desinunt
2637 237 4740 412 habere partem communem, non nnsi punctum coe eoc habere, seu non se tangere
2632 301 4747 485 nisi in puncto  comnunem sectionem duatum superficieum sphaericarum
2627 473 2755 552 ese
2755 446 3005 539 Elapum
3228 353 4749 520 Hoc Metuudus demonstraado videtur non colenvenda
2615 478 3743 620 pro edit enim per sineras conguentias
3881 404 4850 564 Hinc demonstrabitur rectam atcrmi
3959 522 4021 605 c.
2635 520 3883 691 nari ex duobus punctis, planum ex 36 Tribus
2838 539 4830 743 ausa cur eadem multis modis in his semonstrari possint, haec esse videlur
2666 615 4862 836 quod plurium possibilitas independenter  si nvicem inhlligi t ex generali Axpomale
2669 701 4791 912 ut: planum h est  locus punctorum comnunum sectio spatu infiniti in suas
2688 753 4848 993 partes indifferentes. Sic sphara quoque per se possibilis intlligitur ex generali Ax. d
2899 919 4165 1091 Planum secat spatiam infinitum in partes congruentes
2821 978 4644 1189 Planum est sectio spatii in partes eodem modo sese habentes. Sit planum Y
2811 1057 4637 1251 N_ sit tom planum Y. pars una spatio X pars alterat Z.  A sit
2807 1145 4629 1329 Si A sit X aliq. X dicomp dlico posse reperiri B. quod sit aliqu. A Z. it a
3525 1234 4016 1314 ubi A et data B quosita
2815 1256 3454 1383 ut sit A. Y ∞ L B.
2875 1251 4681 1459 Recta est sectio plani i n partes eodem modo se habentes sit planum Y. pars
2836 1344 4676 1535 Recta M. pars una eset plani L, pars altera N. erit  sit C. aliq. L.
2846 1393 4877 1606 q potest inveniri D quad sit aliqs .. sic ut sit C. M ∞ D. M. ubi C est data d quaesita
2895 1467 4830 1680 ostendendum est adhac st si sit A. Y ∞ B.Y esse Y planum seu quod quod ad duo
2666 1540 4862 1754 quaedam se eodem heo puncta se eodem modo habeat, id etiam ad dgo puncta quorum unum sit datum
2838 1604 4843 1788 se eodem modo habere; seu absolote se utrinque eodem modo habere. sit punctum aliud F
2831 1678 4860 1857 dico aliud reperiri posse ita ut sit F. Y ∞G.Y. Nam A. Y X BY sit G B A ∞ FA
2836 1744 4877 1911 sumatur aliquod in Y punctum Y, erit AI ∞ BI. N sumatur RG, sic ut sit FA1B ∞ GBIA
2858 1810 4879 1989 quod iisi feri posset non haberet sesse plinum eodem modo utrinque (Co quid si (5) in altera parte
2860 1920 3493 2046 quomodo haec distinquemus.)
2939 1974 3594 2080 Eadem rationnatio est in recta
2669 1947 4286 2181 exiisdem osendendum est rectionem duorum pranctum esse rectam
2796 1996 4838 2247 opus erit aliquo puncta piderare in plano, et actendere si illa omnin
2804 2090 4848 2342 eodem modo se habeant ad A et B, et G se odem modo habeat ad A. B et
2792 2144 4850 2396 unum ex ipsis, quo F., etiam eadem puncta se eodem modo habitura ad
2796 2360 3238 2482 geet F etC. 1
3309 2239 4865 2441 sed detur mihi ad hoc demonstranda prius opus fore
2814 2352 4369 2578 considerare superfices sphaericas earumque intersectones
2926 2411 4749 2656 Verum ipse saperficie sphaerica, idem seu loco omm
2841 2507 4794 2735 punctorum eodem modo se rablasum ad idem punctum, videtur
2828 2588 4774 2826 prias octendendum quod clauil spatium.  seu quod a puncto
2828 2649 4865 2931 Extta phaeram posito non posit duci linea ad punctum in ea positu
2843 2796 4116 3015 quae non occurrat superficiei sphaericae.
2963 2811 4852 3061 verum hoc ruisus non Didetur posse de mongliaci posse nisi ex
2816 2912 4870 3196 suppositione plagae seer rectae, considerando in omnes partes eodus
2833 3037 4308 3289 modo posse sumi punctum seu in quavis recta
2885 3105 4816 3338 itaque isque in fallor refelum recolaumur ad linea, similiter
2831 3199 4796 3461 sibi, seu unforunter ex dato puncto  eductam. Et quide dua
2838 3305 4785 3532 toles non ex eodem puncto educta, non sibu ocmrrere
2821 3383 4815 3630 ex eo patet, quod similiter procedunt ergo cum inciprant
4264 3451 4769 3599 Hinc habemus et
2836 3525 4126 3706 la semvicem recedere semper recedent.
4158 3545 4791 3692 Hinc pideo oplium fore
2809 3603 4023 3785 lineam rectum esc uniea linter duo puncta
2853 3618 4879 3834 as considenare Hunc etias sequitur non nisi uno modo continuar
2853 3677 4867 3915 rectom. Nam cui procedat semper procedet et E Ex hinc condudo
2850 3758 4816 3996 tandem ressem o. lino fore si recta merpere, et hucc ad peauum
3189 3915 3384 4000 ligere.
363 4185 1219 4249 COTTFRIED VILHIEII LEIBTIIZ BIBLIOTHIEX
4310 4190 4794 4263 Sionatur. LtI 35. 1. 1. 1441 1e2IV C
353 4261 1216 4327 NIEDERSACHSISCHE LANDESBIBLIOTHEN
4762 3299 4860 3395 23
