<?xml version="1.0" encoding="UTF-8"  standalone="yes"?>
<PcGts xmlns="http://schema.primaresearch.org/PAGE/gts/pagecontent/2019-07-15" xmlns:xsi="http://www.w3.org/2001/XMLSchema-instance" xsi:schemaLocation="http://schema.primaresearch.org/PAGE/gts/pagecontent/2019-07-15 http://schema.primaresearch.org/PAGE/gts/pagecontent/2019-07-15/pagecontent.xsd">
  <Metadata>
	<Creator>escriptorium</Creator>
	<Created>2026-01-14T16:10:17.860765+00:00</Created>
        <LastChange>2026-01-14T16:10:17.860805+00:00</LastChange>

  </Metadata>
  <Page imageFilename="LH_37_3_0098v.jpg" imageWidth="3333" imageHeight="4800">

    
    <TextRegion id="r0"  custom="structure {type:MainZone;}">
      <Coords points="112,1101 101,2011 134,3081 119,4559 505,4585 1134,4593 2129,4613 2164,4082 2098,3932 1872,3757 1890,3324 2000,2853 2548,2865 2490,2667 1876,2622 1793,1425 1829,519 1757,91 1667,68 131,122"/>
      
      
      <TextLine id="eSc_line_ef544367" custom="structure {type:default;}">
        <Coords points="1667,106 1614,128 1416,128 1382,106 1360,106 1334,106 1307,106 1280,106 1267,106 1248,109 1112,133 995,117 925,106 923,106 864,109 861,109 859,109 845,120 816,138 709,138 685,122 672,112 669,112 667,112 664,112 661,112 632,125 597,138 555,125 517,114 515,114 512,114 509,114 485,128 464,138 445,128 424,117 400,117 373,120 349,120 333,120 320,122 317,122 178,133 160,152 162,194 162,234 293,250 296,250 298,250 344,234 381,224 466,234 512,240 515,240 517,240 533,234 573,221 680,221 704,234 728,245 731,245 733,245 736,245 768,234 813,218 877,234 923,242 925,242 928,242 958,232 1011,213 1118,213 1171,232 1184,237 1187,237 1190,240 1267,240 1267,237 1270,237 1272,237 1278,232 1296,218 1371,232 1395,234 1398,234 1400,234 1408,232 1449,208 1531,208 1691,229 1694,173 1683,106 1681,106"/>
        <Baseline points="162,194 1694,173"/>
        <TextEquiv conf="0.9686281206932935">
          <Unicode>ex Folle B. ubi potuerit. Non potuisse autem</Unicode>
        </TextEquiv>
      </TextLine>

      
      
      <TextLine id="eSc_line_f3d459af" custom="structure {type:default;}">
        <Coords points="421,333 424,333 426,333 477,320 501,312 520,317 560,330 563,330 565,330 568,330 627,314 653,309 675,314 736,328 739,328 741,328 784,312 797,306 811,309 861,325 864,325 867,325 936,312 1016,322 1019,322 1022,322 1056,304 1064,301 1075,304 1120,314 1123,314 1126,314 1288,298 1326,296 1347,296 1489,309 1491,309 1494,309 1566,290 1566,264 1561,224 1414,205 1411,205 1334,224 1318,226 1219,224 1046,218 1043,218 995,224 941,232 875,226 779,216 776,216 773,216 771,216 755,226 736,237 677,226 632,218 629,218 627,218 624,218 616,226 603,234 557,226 523,221 520,221 517,221 496,226 450,240 344,226 304,224 301,224 298,224 282,226 221,245 160,229 160,290 160,325"/>
        <Baseline points="160,290 824,269 1566,264"/>
        <TextEquiv conf="0.9647646182113223">
          <Unicode>donec follis claudi potaut aer in eum intrare</Unicode>
        </TextEquiv>
      </TextLine>

      
      
      <TextLine id="eSc_line_43664fe8" custom="structure {type:default;}">
        <Coords points="200,426 296,400 480,418 483,418 485,418 488,418 491,418 520,392 584,389 715,389 771,410 773,410 776,410 779,410 915,384 1326,394 1328,394 1331,394 1334,394 1374,370 1451,381 1454,381 1526,368 1622,386 1625,338 1619,285 1550,274 1547,274 1545,274 1542,274 1523,288 1513,296 1360,298 1331,293 1262,282 1259,282 1256,282 1254,282 1232,298 1222,306 1158,309 1072,309 1067,304 1054,290 1051,290 1048,290 1046,290 1043,290 1040,290 1022,306 1016,309 1000,306 936,293 933,293 931,293 928,293 901,309 899,312 891,312 827,296 824,296 821,296 760,314 749,317 731,317 584,301 581,301 579,301 576,301 547,322 544,325 410,328 376,328 293,309 290,309 229,312 226,312 224,312 194,328 197,381"/>
        <Baseline points="197,381 779,354 1625,338"/>
        <TextEquiv conf="0.9813355273670621">
          <Unicode>potuerit. Controversia ita dirimetur. Manente</Unicode>
        </TextEquiv>
      </TextLine>

      
      
      <TextLine id="eSc_line_3d661840" custom="structure {type:default;}">
        <Coords points="192,493 344,506 346,506 349,506 378,493 389,485 400,490 432,512 434,512 437,512 440,512 515,498 560,509 563,509 565,509 568,509 611,488 613,488 651,506 653,506 656,506 752,501 755,501 757,501 773,488 773,485 776,488 805,501 808,501 811,501 939,498 941,498 982,482 1032,466 1166,480 1168,480 1171,480 1174,480 1192,464 1299,474 1302,474 1304,474 1307,474 1328,458 1376,477 1392,485 1395,485 1398,485 1400,485 1403,485 1403,482 1408,477 1433,456 1579,474 1582,426 1574,373 1451,386 1438,376 1424,365 1422,365 1419,365 1416,365 1414,365 1411,365 1411,368 1398,378 1387,386 1358,381 1323,373 1320,373 1275,384 1238,392 1230,384 1222,378 1222,376 1219,376 1216,376 1123,368 1120,368 1118,368 1080,386 1038,381 1035,381 1032,381 1030,381 1030,384 1019,392 1011,402 936,402 928,394 907,378 907,376 904,376 901,376 899,376 896,376 803,400 789,402 744,402 709,402 691,384 691,381 688,381 685,381 683,381 565,384 563,384 560,384 560,386 533,410 531,416 458,416 434,413 282,392 280,392 277,392 189,418 192,461"/>
        <Baseline points="192,461 701,458 1582,426"/>
        <TextEquiv conf="0.970642013983293">
          <Unicode>A. et G.eD clausis, et</Unicode>
        </TextEquiv>
      </TextLine>

      
      
      <TextLine id="eSc_line_b02e1d65" custom="structure {type:default;}">
        <Coords points="205,589 298,608 301,608 304,608 306,608 336,589 344,586 400,589 453,589 512,621 515,621 517,621 520,621 523,621 555,597 605,616 608,616 611,616 613,616 616,616 616,613 651,584 659,578 685,584 736,594 739,594 797,584 851,573 974,581 1027,584 1030,584 1032,584 1040,581 1062,568 1075,581 1091,594 1094,594 1096,594 1099,594 1190,581 1216,602 1219,602 1222,602 1224,602 1310,592 1379,608 1382,608 1384,608 1651,589 1747,597 1750,597 1753,597 1817,570 1817,520 1811,480 1659,458 1657,458 1654,458 1601,482 1598,485 1350,488 1342,485 1312,474 1310,474 1307,474 1304,474 1267,488 1254,490 1240,488 1179,469 1176,469 1174,469 1091,490 1059,498 949,498 933,490 912,477 909,477 907,477 904,477 901,477 867,493 864,493 853,493 755,480 752,480 749,480 747,480 728,496 715,506 645,506 635,496 621,485 619,485 616,485 613,485 541,498 472,509 456,498 442,488 440,488 437,488 434,488 200,501 205,560"/>
        <Baseline points="205,560 1817,520"/>
        <TextEquiv conf="0.9816459860912589">
          <Unicode>obstaculo Tabularum follis appropismationem</Unicode>
        </TextEquiv>
      </TextLine>

      
      
      <TextLine id="eSc_line_0d4f0e36" custom="structure {type:default;}">
        <Coords points="216,680 258,680 261,680 296,706 298,706 301,706 304,706 584,669 851,690 853,690 856,690 936,656 936,653 1016,650 1016,624 1008,576 939,586 904,578 851,568 848,568 845,568 800,584 768,594 752,586 747,581 744,581 741,581 739,581 683,589 605,600 587,592 552,578 549,578 547,578 544,578 541,578 520,594 512,602 496,597 453,581 450,581 448,581 389,584 386,584 384,584 384,586 365,602 360,610 213,610 216,650"/>
        <Baseline points="216,650 1016,624"/>
        <TextEquiv conf="0.9896243555205209">
          <Unicode>impediente non ablato</Unicode>
        </TextEquiv>
      </TextLine>

      
      
      <TextLine id="eSc_line_bf813d9e" custom="structure {type:default;}">
        <Coords points="923,730 1070,709 1304,712 1307,672 1299,624 917,648 923,693"/>
        <Baseline points="923,693 1307,672"/>
        <TextEquiv conf="0.9963124852914077">
          <Unicode>seu dilatanti</Unicode>
        </TextEquiv>
      </TextLine>

      
      
      <TextLine id="eSc_line_37480d10" custom="structure {type:default;}">
        <Coords points="184,805 229,789 338,789 362,805 376,813 378,813 381,813 384,813 432,805 525,784 557,800 560,800 563,800 699,781 816,802 829,802 832,802 845,800 949,778 1024,800 1043,805 1046,805 1048,805 1051,805 1054,805 1062,800 1078,789 1123,800 1155,805 1158,805 1195,800 1267,784 1286,797 1291,802 1294,802 1296,802 1299,805 1403,805 1403,802 1406,802 1427,797 1497,778 1598,794 1603,746 1598,693 1441,682 1438,682 1435,682 1433,682 1419,693 1414,698 1283,698 1267,696 1208,685 1206,685 763,704 717,704 715,704 677,690 675,690 672,690 560,706 547,706 536,706 429,693 426,693 424,693 421,693 402,709 397,709 376,709 221,696 218,696 216,696 178,706 181,768"/>
        <Baseline points="181,768 560,754 1603,746"/>
        <TextEquiv conf="0.9683382553713662">
          <Unicode>Idem an aer scilicet tendenti resistat, alio Experimento</Unicode>
        </TextEquiv>
      </TextLine>

      
      
      <TextLine id="eSc_line_7e893e39" custom="structure {type:default;}">
        <Coords points="181,890 354,917 357,917 360,917 418,888 509,888 541,914 541,917 544,917 547,917 632,920 635,920 795,912 797,912 800,912 800,909 829,882 877,877 963,909 966,909 968,909 971,909 974,909 1024,877 1131,906 1134,906 1136,906 1139,906 1206,866 1206,840 1200,797 1107,778 1104,778 1102,778 1099,778 1099,781 1080,797 1035,781 1032,781 1030,781 1027,781 1024,781 1000,800 859,802 811,786 808,786 805,786 803,786 736,805 653,789 651,789 648,789 645,789 645,792 627,808 576,792 573,792 571,792 568,792 515,810 200,800 197,800 194,800 192,800 192,802 178,813 181,864"/>
        <Baseline points="181,864 1206,840"/>
        <TextEquiv conf="0.9703585793232096">
          <Unicode>ita co explorari potest: Esto</Unicode>
        </TextEquiv>
      </TextLine>

      
      
      <TextLine id="eSc_line_53bc8b0f" custom="structure {type:default;}">
        <Coords points="499,858 370,882 378,936 378,962 523,960 523,922 512,858 504,858"/>
        <Baseline points="378,936 523,922"/>
        <TextEquiv conf="0.9970902999242147">
          <Unicode>decidi</Unicode>
        </TextEquiv>
      </TextLine>

      
      
      <TextLine id="eSc_line_fad432f2" custom="structure {type:default;}">
        <Coords points="397,936 394,930 264,930 266,978 266,1008 509,1018 512,1018 515,1018 581,1002 589,1000 595,1000 635,1016 637,1016 640,1016 771,997 792,994 800,997 851,1010 853,1010 856,1010 859,1010 888,994 893,992 901,994 958,1008 960,1008 963,1008 1032,994 1123,1005 1126,1005 1128,1005 1176,986 1179,986 1184,986 1262,1002 1264,1002 1334,1000 1336,1000 1339,1000 1339,997 1355,984 1478,997 1481,997 1582,976 1582,946 1571,877 1475,909 1232,909 1176,893 1147,885 1144,885 1142,885 1139,885 1136,885 1126,893 1104,909 1072,896 1051,888 1048,888 1046,888 888,890 696,906 693,906 691,906 685,912 667,925 637,914 635,914 632,914 629,914 627,914 608,930 450,930 424,933"/>
        <Baseline points="266,978 773,957 1582,946"/>
        <TextEquiv conf="0.8688144816997203">
          <Unicode>demonstratum quidem e s hoc experimento et quod</Unicode>
        </TextEquiv>
      </TextLine>

      
      
      <TextLine id="eSc_line_d53a22c5" custom="structure {type:default;}">
        <Coords points="154,1074 250,1098 253,1098 256,1098 349,1074 360,1072 365,1074 413,1096 416,1096 418,1098 499,1098 499,1096 501,1096 544,1072 560,1064 867,1064 880,1069 909,1085 912,1085 915,1085 917,1085 920,1085 944,1069 960,1061 979,1069 992,1074 995,1074 998,1074 1027,1069 1064,1061 1075,1069 1086,1077 1086,1080 1088,1080 1091,1080 1094,1080 1168,1069 1259,1053 1320,1066 1347,1072 1350,1072 1563,1064 1563,1021 1555,970 848,1000 824,994 792,989 789,989 787,989 760,997 744,1002 728,1000 688,992 685,992 587,1005 552,1008 485,1008 189,1005 186,1005 184,1005 152,1016 154,1058"/>
        <Baseline points="154,1058 1563,1021"/>
        <TextEquiv conf="0.9861539483070374">
          <Unicode>sciam hactenus unico (caetera enim pene omnia fere</Unicode>
        </TextEquiv>
      </TextLine>

      
      
      <TextLine id="eSc_line_3dad32c2" custom="structure {type:default;}">
        <Coords points="122,1128 165,1120 165,1093 162,1040 122,1045 122,1093"/>
        <Baseline points="122,1093 165,1093"/>
        <TextEquiv conf="0.9750843942165375">
          <Unicode>ae</Unicode>
        </TextEquiv>
      </TextLine>

      
      
      <TextLine id="eSc_line_1b2b06ee" custom="structure {type:default;}">
        <Coords points="1715,1053 1558,1069 1521,1056 1483,1042 1481,1042 1478,1042 1475,1042 1433,1058 1400,1072 1379,1061 1360,1048 1358,1048 1355,1048 1352,1048 1350,1048 1347,1048 1331,1061 1312,1074 1246,1074 1224,1064 1200,1048 1198,1048 1195,1048 1192,1048 1190,1048 1142,1066 1112,1077 936,1080 917,1069 891,1053 888,1053 885,1053 883,1053 624,1056 621,1056 579,1077 563,1088 354,1088 344,1082 325,1072 322,1072 320,1072 317,1072 314,1072 312,1072 312,1074 301,1085 293,1090 269,1085 168,1064 149,1088 152,1128 152,1165 373,1170 376,1170 378,1170 381,1168 392,1152 418,1152 432,1146 450,1152 472,1152 499,1152 509,1152 525,1141 573,1152 579,1152 605,1152 613,1152 648,1136 787,1136 960,1136 1016,1154 1035,1160 1038,1160 1040,1160 1043,1160 1054,1154 1102,1130 1203,1152 1232,1157 1235,1157 1238,1157 1240,1157 1246,1152 1280,1128 1403,1149 1408,1149 1411,1149 1414,1149 1459,1128 1566,1146 1582,1149 1585,1149 1734,1144 1737,1101 1729,1064 1723,1058"/>
        <Baseline points="152,1128 1737,1101"/>
        <TextEquiv conf="0.8737443013624712">
          <Unicode>quper funiculu explica i o potuere) uic Aeris tensionem</Unicode>
        </TextEquiv>
      </TextLine>

      
      
      <TextLine id="eSc_line_5e7d89eb" custom="structure {type:default;}">
        <Coords points="146,1208 146,1234 266,1234 274,1237 322,1258 325,1258 328,1258 330,1258 376,1237 386,1232 418,1237 501,1248 504,1248 597,1234 653,1226 680,1234 739,1250 741,1250 744,1250 984,1245 1048,1229 1110,1216 1144,1216 1158,1229 1168,1237 1168,1240 1171,1240 1174,1240 1176,1240 1179,1240 1222,1229 1264,1218 1328,1226 1347,1229 1350,1229 1366,1226 1446,1210 1587,1224 1590,1176 1582,1120 1462,1144 1296,1128 1251,1125 1248,1125 1246,1125 1243,1125 1243,1128 1238,1130 1224,1146 1190,1133 1184,1130 1182,1130 1179,1130 1176,1130 1166,1133 1102,1152 1035,1138 998,1130 995,1130 992,1130 955,1141 936,1144 893,1144 757,1136 755,1136 752,1136 749,1136 749,1138 739,1149 725,1162 288,1168 272,1165 224,1149 221,1149 218,1149 216,1149 213,1149 213,1152 200,1165 168,1152 165,1152 162,1152 160,1152 157,1152 146,1157 144,1165"/>
        <Baseline points="146,1208 1590,1176"/>
        <TextEquiv conf="0.8928713261388069">
          <Unicode>non esse  causao Mercurii suspensi; at vero</Unicode>
        </TextEquiv>
      </TextLine>

      
      
      <TextLine id="eSc_line_a9dfde5a" custom="structure {type:default;}">
        <Coords points="616,1122 589,1122 563,1122 536,1122 509,1122 483,1122 456,1125 429,1125 402,1125 376,1125 378,1157 378,1192 672,1184 675,1154 669,1120 643,1120"/>
        <Baseline points="378,1157 675,1154"/>
        <TextEquiv conf="0.9578627456318248">
          <Unicode>vero gravit</Unicode>
        </TextEquiv>
      </TextLine>

      
      
      <TextLine id="eSc_line_41855bfb" custom="structure {type:default;}">
        <Coords points="1675,1213 1643,1205 1641,1205 1638,1205 1635,1205 1593,1221 1582,1224 1569,1221 1510,1205 1507,1205 1505,1205 1502,1205 1451,1221 1433,1226 1384,1221 1323,1216 1320,1216 1318,1216 1304,1221 1288,1232 1195,1232 1184,1224 1168,1210 1166,1210 1163,1210 1160,1210 1158,1210 1110,1224 1072,1234 712,1237 688,1226 672,1218 669,1218 555,1218 552,1218 456,1226 277,1242 173,1229 176,1280 178,1325 237,1309 264,1325 266,1325 269,1325 272,1325 274,1325 280,1322 314,1312 346,1322 360,1325 362,1325 365,1325 413,1320 555,1304 728,1312 832,1317 835,1317 974,1306 1080,1298 1088,1304 1102,1314 1104,1314 1107,1314 1110,1314 1112,1314 1115,1314 1115,1312 1126,1304 1131,1298 1160,1301 1243,1312 1246,1312 1248,1312 1251,1312 1264,1298 1267,1298 1294,1309 1296,1309 1299,1309 1400,1296 1424,1293 1427,1296 1441,1306 1441,1309 1443,1309 1446,1309 1449,1312 1505,1312 1505,1309 1507,1309 1547,1293 1550,1293 1635,1304 1638,1304 1641,1304 1699,1288 1699,1258 1697,1237 1694,1234"/>
        <Baseline points="176,1280 1699,1258"/>
        <TextEquiv conf="0.9607763091723124">
          <Unicode>non potest decidi altera quae remanet quaestio, Aerne sit</Unicode>
        </TextEquiv>
      </TextLine>

      
      
      <TextLine id="eSc_line_3b06c299" custom="structure {type:default;}">
        <Coords points="176,1405 234,1386 266,1405 269,1405 272,1405 274,1408 346,1408 346,1405 349,1405 352,1405 352,1402 373,1384 477,1384 563,1400 565,1400 568,1400 637,1384 888,1397 931,1400 933,1400 936,1400 941,1397 976,1378 1083,1394 1086,1394 1088,1394 1091,1394 1110,1378 1179,1394 1182,1394 1184,1394 1187,1394 1222,1378 1366,1394 1387,1394 1390,1394 1403,1392 1499,1373 1526,1392 1529,1392 1531,1392 1534,1394 1630,1394 1630,1392 1633,1392 1635,1392 1635,1389 1649,1378 1686,1389 1691,1352 1686,1293 1590,1304 1574,1293 1566,1285 1563,1285 1561,1285 1494,1285 1491,1285 1449,1293 1392,1306 1376,1293 1371,1290 1371,1288 1368,1288 1366,1288 1251,1288 1248,1288 1246,1288 1243,1288 1232,1296 1214,1306 1190,1296 1179,1290 1176,1290 1174,1290 1171,1290 1158,1296 1128,1309 1078,1296 1054,1290 1051,1290 1048,1290 1046,1290 1032,1296 1006,1309 958,1296 941,1293 939,1293 936,1293 933,1293 931,1293 931,1296 928,1298 909,1312 781,1298 773,1298 771,1298 760,1298 584,1314 520,1301 496,1296 493,1296 491,1296 474,1301 418,1317 170,1304 173,1362"/>
        <Baseline points="173,1362 1104,1344 1691,1352"/>
        <TextEquiv conf="0.9794272432724634">
          <Unicode>suapte natura tendi posi dilatetur, ubi scilicet</Unicode>
        </TextEquiv>
      </TextLine>

      
      
      <TextLine id="eSc_line_d0cab12e" custom="structure {type:default;}">
        <Coords points="165,1482 397,1461 656,1461 685,1474 696,1480 699,1480 701,1480 704,1480 731,1474 792,1458 845,1458 864,1472 869,1477 872,1477 875,1477 877,1477 1046,1469 1222,1458 1246,1464 1272,1472 1275,1472 1278,1472 1280,1472 1315,1464 1347,1456 1366,1461 1400,1474 1403,1474 1406,1474 1521,1461 1614,1474 1617,1474 1619,1474 1683,1456 1683,1429 1681,1386 1350,1373 1347,1373 1344,1373 1315,1389 1310,1389 1267,1389 1008,1376 1006,1376 1003,1376 976,1389 875,1376 872,1376 869,1376 821,1389 752,1376 749,1376 747,1376 693,1392 691,1392 688,1392 581,1378 579,1378 493,1392 458,1378 456,1378 453,1378 450,1378 421,1394 250,1394 226,1378 224,1378 221,1378 218,1378 216,1378 162,1394 165,1442"/>
        <Baseline points="165,1442 693,1426 1683,1429"/>
        <TextEquiv conf="0.9896454563680684">
          <Unicode>pressio ambientis cessat, ut sentire videtur Boylius;</Unicode>
        </TextEquiv>
      </TextLine>

      
      
      <TextLine id="eSc_line_c62e3c6d" custom="structure {type:default;}">
        <Coords points="170,1560 272,1541 611,1557 619,1557 621,1557 624,1557 677,1533 728,1554 731,1554 733,1554 736,1554 739,1554 771,1533 896,1544 899,1544 1088,1530 1184,1530 1208,1546 1211,1546 1214,1546 1216,1546 1219,1546 1222,1546 1246,1530 1366,1544 1368,1544 1371,1544 1374,1544 1392,1530 1449,1546 1451,1546 1454,1546 1457,1546 1502,1536 1539,1549 1542,1549 1545,1552 1771,1552 1774,1506 1771,1461 1715,1445 1713,1445 1710,1445 1529,1464 1523,1464 1518,1464 1310,1448 1307,1448 1219,1464 1198,1448 1195,1448 1192,1448 1190,1448 1187,1448 1184,1448 1158,1464 904,1450 901,1450 827,1466 749,1450 747,1450 744,1450 693,1466 627,1450 624,1450 621,1450 525,1466 504,1453 501,1453 499,1453 496,1453 493,1453 491,1453 469,1469 389,1456 386,1456 384,1456 381,1456 365,1472 168,1472 170,1520"/>
        <Baseline points="170,1520 869,1498 1774,1506"/>
        <TextEquiv conf="0.9925771676577054">
          <Unicode>an vero potius ambiente abstracto ad locum implendum</Unicode>
        </TextEquiv>
      </TextLine>

      
      
      <TextLine id="eSc_line_bd1a1700" custom="structure {type:default;}">
        <Coords points="162,1626 312,1616 330,1626 341,1634 344,1634 346,1634 349,1634 352,1634 376,1626 394,1618 410,1624 437,1637 440,1637 442,1637 581,1634 584,1634 587,1634 587,1632 600,1621 613,1605 779,1605 800,1616 805,1621 808,1621 811,1621 813,1621 851,1616 931,1602 979,1613 1019,1621 1022,1621 1024,1621 1048,1610 1064,1605 1075,1610 1102,1624 1104,1624 1107,1624 1110,1624 1150,1610 1155,1608 1160,1608 1190,1618 1192,1618 1195,1618 1198,1618 1200,1618 1200,1616 1203,1616 1208,1608 1214,1602 1222,1608 1256,1621 1259,1621 1262,1624 1350,1624 1350,1621 1352,1621 1384,1605 1390,1602 1392,1605 1427,1618 1430,1618 1433,1618 1494,1616 1497,1616 1499,1616 1518,1602 1534,1592 1651,1597 1654,1565 1646,1520 160,1541 162,1597"/>
        <Baseline points="162,1597 643,1578 1654,1565"/>
        <TextEquiv conf="0.9843230164328287">
          <Unicode>distenda per vim distendatur, ac proinde an</Unicode>
        </TextEquiv>
      </TextLine>

      
      
      <TextLine id="eSc_line_b606015b" custom="structure {type:default;}">
        <Coords points="168,1712 226,1714 229,1714 232,1714 237,1712 277,1690 416,1709 456,1714 458,1714 493,1709 603,1688 693,1706 723,1712 725,1712 821,1709 824,1709 827,1709 827,1706 829,1704 851,1685 952,1688 971,1704 979,1709 982,1709 984,1709 987,1709 1091,1701 1368,1680 1665,1693 1667,1650 1662,1610 1376,1594 1374,1594 1371,1594 1368,1594 1347,1613 1344,1616 1190,1616 1187,1613 1142,1597 1139,1597 1136,1597 1134,1597 1067,1616 1062,1616 1059,1616 1035,1600 1032,1600 1030,1600 1027,1600 941,1616 936,1616 933,1616 893,1600 891,1600 888,1600 885,1600 883,1600 861,1616 805,1605 803,1605 675,1618 661,1618 659,1618 629,1602 627,1602 624,1602 541,1618 507,1602 504,1602 501,1602 499,1602 440,1621 432,1621 413,1621 240,1605 237,1605 165,1621 168,1664"/>
        <Baseline points="168,1664 1667,1650"/>
        <TextEquiv conf="0.9969097822904587">
          <Unicode>aer summus sit magis tensus inferiore, an saltem</Unicode>
        </TextEquiv>
      </TextLine>

      
      
      <TextLine id="eSc_line_c953cd86" custom="structure {type:default;}">
        <Coords points="176,1773 226,1792 229,1792 232,1794 360,1794 360,1792 362,1792 365,1792 389,1776 517,1789 520,1789 523,1789 525,1789 549,1768 584,1784 587,1784 589,1784 728,1765 736,1765 744,1765 869,1784 872,1784 984,1762 1048,1781 1051,1781 1054,1781 1184,1760 1334,1773 1336,1773 1339,1773 1368,1757 1384,1773 1387,1773 1390,1773 1475,1776 1478,1776 1667,1749 1667,1717 1659,1669 1475,1685 1342,1672 1291,1669 1288,1669 1235,1674 1099,1690 982,1680 931,1674 928,1674 925,1674 923,1674 917,1680 896,1693 739,1682 680,1680 677,1680 637,1685 528,1698 461,1688 442,1685 440,1685 416,1688 333,1704 282,1704 272,1690 266,1688 266,1685 264,1685 261,1685 258,1685 173,1690 176,1738"/>
        <Baseline points="176,1738 1667,1717"/>
        <TextEquiv conf="0.981327532728513">
          <Unicode>minus pressus. Sed re accurate expensa videtur haec quaestio</Unicode>
        </TextEquiv>
      </TextLine>

      
      
      <TextLine id="eSc_line_e4c38964" custom="structure {type:default;}">
        <Coords points="170,1850 288,1869 290,1869 464,1866 466,1866 504,1845 507,1845 541,1845 928,1858 931,1858 933,1858 1003,1840 1152,1840 1166,1850 1166,1853 1168,1853 1171,1853 1174,1853 1176,1853 1208,1837 1280,1848 1283,1848 1286,1848 1288,1848 1304,1832 1307,1829 1387,1829 1403,1829 1539,1848 1542,1848 1694,1824 1697,1797 1689,1744 1617,1760 1555,1744 1547,1744 1545,1744 1542,1744 1539,1744 1537,1744 1537,1746 1515,1762 1376,1749 1374,1749 1371,1749 1368,1749 1232,1768 1123,1752 1110,1752 1107,1752 1104,1752 1102,1752 1070,1770 816,1757 776,1757 773,1757 771,1757 765,1760 712,1778 507,1778 477,1765 477,1762 474,1762 472,1762 469,1762 466,1762 464,1762 464,1765 434,1781 320,1770 317,1770 314,1770 261,1784 168,1770 170,1824"/>
        <Baseline points="170,1824 1697,1797"/>
        <TextEquiv conf="0.9824904225089334">
          <Unicode>ei similis esse, an scilicet quam movent, an satius sit</Unicode>
        </TextEquiv>
      </TextLine>

      
      
      <TextLine id="eSc_line_3bb8fed6" custom="structure {type:default;}">
        <Coords points="173,1936 266,1952 269,1952 349,1949 352,1949 354,1949 354,1946 357,1946 368,1933 370,1930 386,1933 461,1946 464,1946 547,1930 581,1925 637,1928 752,1938 755,1938 757,1938 787,1928 795,1922 803,1925 816,1936 819,1936 821,1936 824,1936 933,1925 1048,1912 1134,1920 1182,1925 1184,1925 1187,1925 1208,1920 1256,1906 1585,1912 1587,1872 1582,1832 1441,1818 1438,1818 1347,1837 1334,1837 1318,1837 1222,1826 1219,1826 1107,1842 1091,1842 1086,1842 1051,1829 1048,1829 1046,1829 963,1845 941,1848 925,1845 872,1834 869,1834 867,1834 819,1848 805,1850 776,1848 672,1840 669,1840 667,1840 664,1840 664,1842 653,1850 648,1856 640,1853 613,1842 611,1842 608,1842 605,1842 563,1853 541,1861 170,1861 173,1914"/>
        <Baseline points="173,1914 757,1885 1587,1872"/>
        <TextEquiv conf="0.9918750246365865">
          <Unicode>imaginari simi supponere omnia Elementa levia</Unicode>
        </TextEquiv>
      </TextLine>

      
      
      <TextLine id="eSc_line_9c45f754" custom="structure {type:default;}">
        <Coords points="165,2021 298,2018 301,2018 306,2018 373,1994 424,2010 426,2010 429,2010 541,1992 592,2008 605,2010 608,2010 611,2010 613,2010 616,2010 621,2005 635,1994 661,2005 677,2010 680,2010 683,2010 723,2002 805,1984 861,1997 893,2005 896,2005 899,2005 901,2005 925,1994 949,1986 1056,1992 1214,1997 1216,1997 1219,1997 1251,1984 1275,1973 1339,1981 1414,1989 1416,1989 1510,1973 1539,1970 1555,1973 1614,1986 1617,1986 1619,1986 1622,1986 1638,1973 1638,1938 1633,1898 1457,1893 1454,1893 1395,1901 1342,1909 1328,1904 1312,1896 1310,1896 1307,1896 1304,1896 1286,1904 1267,1912 1219,1904 1192,1901 1190,1901 1152,1906 1072,1917 949,1909 888,1906 885,1906 883,1906 872,1912 848,1925 667,1928 589,1917 573,1914 571,1914 568,1914 560,1917 520,1930 488,1920 485,1920 483,1920 256,1938 162,1925 165,1976"/>
        <Baseline points="165,1976 1638,1938"/>
        <TextEquiv conf="0.9736607009949891">
          <Unicode>gravia, et minus grave per consequens in summo</Unicode>
        </TextEquiv>
      </TextLine>

      
      
      <TextLine id="eSc_line_7d16d1bb" custom="structure {type:default;}">
        <Coords points="1785,1962 1553,1960 1550,1960 1547,1960 1545,1960 1534,1970 1529,1976 1521,1970 1499,1960 1497,1960 1494,1960 1427,1973 1408,1976 1398,1973 1363,1962 1360,1962 1358,1962 1355,1962 1331,1976 1318,1981 1307,1976 1288,1968 1286,1968 1283,1968 1203,1978 1176,1981 1163,1978 1107,1968 1104,1968 1102,1968 1046,1981 1027,1986 1011,1984 971,1970 968,1970 966,1970 891,1986 872,1989 851,1986 755,1973 752,1973 613,1992 597,1994 595,1994 576,1978 573,1978 571,1978 485,1978 483,1978 480,1978 408,1997 405,1997 402,1997 314,1986 312,1986 309,1986 306,1986 306,1989 304,1989 296,2000 296,2002 162,2002 165,2048 165,2090 386,2074 405,2085 408,2085 410,2085 413,2085 416,2085 421,2082 469,2061 664,2074 733,2080 736,2080 739,2080 741,2080 752,2072 779,2056 885,2053 955,2066 987,2072 990,2072 1051,2064 1118,2053 1139,2061 1171,2072 1174,2072 1176,2072 1179,2072 1208,2058 1230,2048 1272,2056 1328,2066 1331,2066 1334,2066 1387,2053 1414,2045 1427,2050 1462,2066 1465,2066 1467,2066 1803,2037 1806,2010 1801,1978 1790,1968"/>
        <Baseline points="165,2048 653,2026 1806,2010"/>
        <TextEquiv conf="0.9825937019454108">
          <Unicode>an cum docto quodam nostri temporis philoso phocredere</Unicode>
        </TextEquiv>
      </TextLine>

      
      
      <TextLine id="eSc_line_9d3fa76f" custom="structure {type:default;}">
        <Coords points="200,2173 202,2173 205,2173 288,2149 312,2144 320,2149 333,2160 336,2160 338,2160 341,2160 344,2160 381,2149 410,2141 456,2146 509,2154 512,2154 597,2146 723,2130 776,2141 819,2152 821,2152 824,2152 827,2152 840,2141 848,2136 875,2141 917,2149 920,2149 923,2149 947,2138 984,2122 1019,2138 1035,2146 1038,2146 1040,2146 1243,2141 1310,2138 1312,2138 1315,2138 1315,2136 1318,2133 1342,2112 1467,2130 1486,2133 1489,2133 1491,2133 1494,2133 1497,2130 1531,2106 1635,2128 1638,2077 1630,2037 1414,2042 1403,2040 1360,2026 1358,2026 1355,2026 1352,2026 1320,2042 1312,2045 1302,2042 1246,2026 1243,2026 1240,2026 1238,2026 1174,2045 1152,2050 1086,2048 917,2037 915,2037 768,2042 765,2042 731,2056 704,2066 603,2066 579,2058 552,2048 549,2048 547,2048 426,2053 424,2053 402,2061 370,2074 210,2066 208,2066 205,2066 202,2066 136,2080 120,2066 117,2122 117,2152"/>
        <Baseline points="117,2122 955,2090 1638,2077"/>
        <TextEquiv conf="0.9516631430387497">
          <Unicode>suppoere oia levia, et minus leve in fundo. Revera</Unicode>
        </TextEquiv>
      </TextLine>

      
      
      <TextLine id="eSc_line_834d7367" custom="structure {type:default;}">
        <Coords points="120,2218 181,2208 202,2218 221,2226 224,2226 226,2226 229,2226 232,2226 232,2224 240,2218 256,2205 336,2205 397,2216 448,2224 450,2224 501,2213 568,2200 581,2213 589,2218 589,2221 592,2221 595,2221 597,2224 648,2224 648,2221 709,2218 712,2218 715,2218 725,2210 747,2197 832,2208 835,2208 915,2192 949,2208 958,2210 960,2210 963,2210 966,2210 979,2208 1006,2197 1022,2205 1032,2213 1035,2213 1038,2213 1040,2213 1043,2213 1059,2205 1083,2194 1139,2205 1179,2210 1182,2210 1246,2205 1248,2205 1251,2205 1251,2202 1254,2202 1270,2186 1312,2202 1323,2205 1326,2205 1328,2205 1360,2200 1467,2184 1513,2200 1526,2202 1529,2202 1531,2202 1715,2194 1715,2149 1710,2117 1614,2117 1585,2098 1582,2098 1579,2098 1577,2098 1454,2120 1443,2122 1040,2128 1019,2125 939,2112 936,2112 933,2112 931,2112 915,2125 909,2130 896,2128 851,2114 848,2114 845,2114 843,2114 808,2128 800,2130 800,2128 787,2117 787,2114 784,2114 781,2114 779,2114 776,2114 736,2128 720,2133 664,2130 557,2122 555,2122 493,2133 453,2138 434,2133 405,2122 402,2122 400,2122 397,2122 373,2133 362,2138 117,2138 120,2181"/>
        <Baseline points="120,2181 1715,2149"/>
        <TextEquiv conf="0.9269206256798979">
          <Unicode>enim nec gravia nec levia sunt nisi per comparationem</Unicode>
        </TextEquiv>
      </TextLine>

      
      
      <TextLine id="eSc_line_f1abef69" custom="structure {type:default;}">
        <Coords points="120,2290 328,2274 461,2274 480,2288 483,2290 485,2290 488,2290 491,2290 493,2290 496,2290 499,2288 520,2272 581,2288 592,2288 595,2288 597,2288 600,2288 600,2285 624,2269 709,2285 741,2290 744,2290 747,2290 763,2285 803,2269 1000,2280 1003,2280 1006,2280 1008,2280 1027,2264 1195,2280 1235,2282 1238,2282 1240,2282 1243,2282 1246,2280 1275,2261 1422,2277 1454,2280 1457,2280 1475,2277 1574,2256 1627,2274 1630,2274 1633,2274 1795,2272 1795,2224 1790,2170 1638,2170 1635,2170 1633,2170 1625,2173 1585,2189 1529,2178 1526,2178 1350,2192 1310,2181 1294,2176 1291,2176 1288,2176 1286,2176 1275,2181 1248,2194 787,2192 669,2192 667,2192 651,2194 608,2205 595,2197 589,2189 587,2189 584,2189 483,2189 480,2189 477,2189 474,2189 461,2200 445,2208 330,2202 194,2194 192,2194 117,2205 120,2250"/>
        <Baseline points="120,2250 1795,2224"/>
        <TextEquiv conf="0.9900456638563246">
          <Unicode>Eodem modo ajo nec tensionem nec compressionem corporibus ipsis</Unicode>
        </TextEquiv>
      </TextLine>

      
      
      <TextLine id="eSc_line_cd7dd90d" custom="structure {type:default;}">
        <Coords points="114,2362 210,2368 213,2368 216,2368 232,2362 277,2346 338,2360 362,2365 365,2365 368,2365 384,2360 408,2352 466,2357 507,2362 509,2362 512,2362 515,2362 520,2357 544,2344 611,2357 621,2357 624,2357 627,2357 629,2357 629,2354 645,2341 699,2354 723,2360 725,2360 728,2360 749,2354 795,2341 877,2352 923,2357 925,2357 928,2357 931,2357 939,2352 968,2336 1046,2336 1070,2349 1078,2354 1080,2354 1083,2354 1086,2354 1088,2354 1102,2349 1134,2333 1184,2346 1203,2352 1206,2352 1208,2352 1379,2349 1382,2349 1398,2344 1443,2328 1457,2338 1457,2341 1459,2341 1462,2341 1465,2341 1467,2341 1499,2328 1667,2338 1673,2298 1670,2261 1619,2245 1617,2245 1614,2245 1611,2245 1569,2261 1569,2264 1470,2264 1131,2266 1091,2250 1088,2250 1086,2250 936,2269 797,2256 795,2256 792,2256 733,2274 640,2258 637,2258 635,2258 595,2277 376,2264 373,2264 370,2264 368,2264 349,2282 277,2282 202,2266 200,2266 112,2285 114,2333"/>
        <Baseline points="114,2333 466,2314 1673,2298"/>
        <TextEquiv conf="0.9807894657242973">
          <Unicode>esse violensam. Sed q Nam si dicis compressionem esse</Unicode>
        </TextEquiv>
      </TextLine>

      
      
      <TextLine id="eSc_line_399243d6" custom="structure {type:default;}">
        <Coords points="125,2434 240,2426 256,2434 269,2440 272,2440 274,2440 277,2440 298,2434 338,2421 376,2432 378,2432 381,2432 384,2432 450,2410 477,2424 480,2424 483,2426 677,2426 677,2424 779,2405 875,2418 877,2418 880,2418 912,2405 933,2424 933,2426 936,2426 939,2426 941,2429 1016,2429 1016,2426 1019,2426 1027,2424 1118,2400 1174,2424 1176,2424 1179,2424 1182,2424 1195,2424 1326,2400 1352,2421 1355,2421 1358,2421 1360,2421 1371,2421 1465,2408 1659,2416 1665,2376 1662,2336 1433,2320 1430,2320 1427,2320 1390,2336 1062,2328 1059,2328 1056,2328 1054,2328 1054,2330 1040,2344 880,2344 797,2330 795,2330 792,2330 741,2346 723,2333 720,2333 717,2333 715,2333 635,2349 517,2336 515,2336 416,2354 333,2338 330,2338 122,2360 125,2402"/>
        <Baseline points="125,2402 851,2376 1665,2376"/>
        <TextEquiv conf="0.977570263844616">
          <Unicode>violentam, nulla est cur non potius tensionem, semper</Unicode>
        </TextEquiv>
      </TextLine>

      
      
      <TextLine id="eSc_line_cf4e9519" custom="structure {type:default;}">
        <Coords points="125,2496 322,2509 325,2509 389,2498 437,2490 464,2498 480,2504 483,2504 485,2504 520,2498 592,2488 680,2501 699,2501 701,2501 704,2501 707,2501 733,2488 800,2501 835,2506 837,2506 840,2506 861,2501 912,2485 931,2501 936,2506 939,2506 941,2506 944,2509 1059,2509 1059,2506 1062,2506 1064,2506 1070,2501 1096,2485 1123,2498 1126,2498 1128,2498 1288,2482 1302,2493 1302,2496 1304,2496 1307,2496 1310,2496 1403,2485 1435,2504 1438,2504 1441,2504 1443,2506 1547,2506 1547,2504 1550,2504 1598,2482 1726,2504 1731,2453 1729,2416 1379,2416 1355,2394 1352,2394 1350,2394 1246,2394 1243,2394 1240,2394 1238,2394 1222,2408 1030,2397 1027,2397 1024,2397 1022,2397 998,2416 845,2397 843,2397 749,2416 699,2397 696,2397 693,2397 573,2402 571,2402 568,2402 541,2421 266,2421 248,2402 245,2402 242,2402 240,2402 122,2421 125,2469"/>
        <Baseline points="125,2469 648,2450 1731,2453"/>
        <TextEquiv conf="0.9705872821807862">
          <Unicode>enim quantum tenditur hic tattum alibi comprimitur</Unicode>
        </TextEquiv>
      </TextLine>

      
      
      <TextLine id="eSc_line_b0dc026f" custom="structure {type:default;}">
        <Coords points="146,2568 178,2586 181,2586 312,2592 314,2592 317,2592 320,2592 320,2589 333,2578 381,2589 384,2589 386,2589 389,2589 421,2568 533,2573 536,2573 539,2573 557,2565 571,2560 736,2560 749,2565 797,2584 800,2584 803,2584 805,2584 853,2565 861,2562 901,2565 1123,2581 1126,2581 1128,2581 1131,2581 1131,2578 1147,2565 1158,2549 1473,2549 1505,2565 1531,2576 1534,2576 1537,2576 1539,2576 1542,2576 1558,2565 1561,2562 1571,2565 1617,2573 1619,2573 1622,2573 1625,2573 1635,2565 1643,2557 1657,2565 1675,2573 1678,2573 1681,2573 1830,2562 1833,2533 1827,2482 1654,2482 1590,2464 1587,2464 1585,2464 1582,2464 1537,2485 1537,2488 1467,2488 1433,2488 1392,2466 1390,2466 1387,2466 1384,2466 1320,2488 1302,2472 1302,2469 1299,2469 1296,2469 1203,2469 1200,2469 1198,2469 1158,2488 904,2474 901,2474 899,2474 896,2474 872,2496 816,2496 747,2474 744,2474 741,2474 739,2474 659,2496 549,2477 547,2477 338,2504 237,2504 197,2482 194,2482 192,2482 189,2482 144,2501 146,2546"/>
        <Baseline points="146,2546 1219,2520 1833,2533"/>
        <TextEquiv conf="0.9769234494729475">
          <Unicode>vis ergo tendendo comprimendoque elevando et deprimendo</Unicode>
        </TextEquiv>
      </TextLine>

      
      
      <TextLine id="eSc_line_8d6059f7" custom="structure {type:default;}">
        <Coords points="149,2650 197,2645 272,2656 384,2669 386,2669 389,2669 392,2669 408,2656 421,2645 450,2656 483,2666 485,2666 488,2666 491,2666 531,2656 557,2648 576,2656 603,2666 605,2666 608,2666 611,2666 632,2656 653,2642 672,2656 685,2666 688,2666 691,2666 693,2669 779,2669 779,2666 781,2666 819,2656 872,2642 944,2656 947,2656 949,2656 952,2656 968,2640 1088,2640 1155,2658 1160,2658 1163,2658 1166,2658 1168,2658 1174,2658 1224,2640 1259,2658 1272,2664 1275,2664 1278,2666 1358,2666 1358,2664 1360,2664 1363,2664 1368,2658 1392,2640 1438,2658 1446,2661 1449,2661 1451,2661 1454,2661 1462,2658 1502,2642 1590,2642 1611,2658 1614,2661 1617,2661 1619,2661 1622,2661 1838,2658 1838,2608 1830,2549 1657,2570 1427,2570 1406,2554 1403,2554 1400,2554 1398,2554 1395,2554 1363,2570 1336,2554 1334,2552 1331,2552 1328,2552 1326,2552 1323,2552 1312,2554 1262,2570 1230,2554 1222,2552 1219,2552 1216,2552 1214,2552 1211,2552 1206,2554 1182,2573 1054,2573 1014,2557 995,2552 992,2552 990,2552 987,2552 971,2560 939,2573 891,2560 872,2554 869,2554 867,2554 864,2554 851,2560 824,2573 800,2560 784,2554 781,2554 779,2554 776,2554 773,2554 763,2562 749,2570 736,2562 725,2554 723,2554 720,2554 640,2554 637,2554 635,2554 605,2562 565,2576 525,2565 499,2557 496,2557 408,2557 405,2557 402,2557 400,2557 386,2565 368,2576 146,2570 149,2618"/>
        <Baseline points="149,2618 1838,2608"/>
        <TextEquiv conf="0.9701016906832085">
          <Unicode>non singulis corporibus, sed universo affertur toti affertur,</Unicode>
        </TextEquiv>
      </TextLine>

      
      
      <TextLine id="eSc_line_b56b7f38" custom="structure {type:default;}">
        <Coords points="160,2754 640,2754 640,2752 643,2752 683,2730 731,2746 733,2746 736,2746 896,2733 928,2749 931,2749 933,2749 936,2749 1011,2728 2049,2746 2052,2701 2046,2637 1782,2658 1659,2640 1657,2640 1526,2653 1424,2642 1422,2642 1419,2642 1368,2658 1326,2640 1323,2640 1134,2640 1131,2640 1128,2640 1126,2640 1094,2661 966,2664 880,2664 859,2645 859,2642 856,2642 853,2642 851,2642 736,2661 688,2645 685,2645 683,2645 680,2645 637,2664 258,2664 237,2645 237,2642 234,2642 232,2642 229,2642 157,2642 160,2717"/>
        <Baseline points="160,2717 717,2698 2052,2701"/>
        <TextEquiv conf="0.9710874922813908">
          <Unicode>Totius enim massa circutatio circulatio enim lucis un versalis</Unicode>
        </TextEquiv>
      </TextLine>

      
      
      <TextLine id="eSc_line_adb38ed7" custom="structure {type:default;}">
        <Coords points="2369,2717 2342,2717 2316,2714 2313,2714 2294,2722 2270,2733 2241,2722 2238,2722 2236,2722 2233,2722 2214,2722 2078,2741 1932,2741 1910,2725 1905,2720 1902,2720 1899,2720 1897,2720 1894,2720 1891,2720 1883,2725 1862,2741 1638,2741 1601,2728 1571,2717 1569,2717 1513,2717 1510,2717 1507,2717 1489,2728 1462,2741 1328,2728 1235,2720 1120,2720 1118,2720 1115,2720 1083,2730 1056,2738 1040,2730 1019,2720 1016,2720 1014,2720 901,2722 899,2722 877,2730 845,2744 795,2730 755,2722 667,2722 664,2722 661,2722 640,2733 613,2744 234,2736 237,2792 237,2845 410,2826 474,2842 477,2842 480,2842 595,2816 784,2840 787,2840 789,2840 864,2813 936,2840 939,2840 941,2840 944,2840 1016,2813 1139,2837 1142,2837 1470,2810 1617,2837 1627,2837 1630,2837 1633,2837 1638,2837 1731,2813 1881,2832 1883,2832 1886,2832 1945,2810 2073,2810 2116,2832 2116,2834 2118,2834 2121,2834 2124,2834 2148,2832 2305,2813 2358,2832 2369,2834 2372,2834 2374,2834 2457,2829 2460,2776 2452,2722 2428,2733 2415,2722 2409,2720 2396,2720"/>
        <Baseline points="237,2792 979,2776 2460,2776"/>
        <TextEquiv conf="0.9961632321710172">
          <Unicode>quam Lux circa globum nostrum exercet, corpora</Unicode>
        </TextEquiv>
      </TextLine>

      
      
      <TextLine id="eSc_line_57fda4cb" custom="structure {type:default;}">
        <Coords points="170,2917 213,2930 216,2930 218,2930 296,2914 352,2904 365,2914 373,2920 373,2922 376,2922 378,2922 466,2928 469,2928 472,2928 474,2928 474,2925 491,2912 504,2898 581,2898 621,2909 672,2922 675,2922 677,2922 680,2922 720,2906 749,2896 797,2904 877,2920 880,2920 952,2917 955,2917 958,2917 979,2901 998,2890 1067,2890 1086,2898 1115,2914 1118,2914 1120,2914 1256,2909 1259,2909 1262,2909 1278,2896 1296,2880 1387,2880 1416,2893 1449,2906 1451,2906 1454,2906 1457,2906 1497,2890 1529,2877 1662,2877 1675,2888 1686,2896 1689,2896 1691,2896 1694,2896 1697,2896 1715,2885 1726,2880 1734,2885 1753,2898 1755,2898 1758,2898 1761,2898 1940,2880 1940,2837 1934,2794 1731,2792 1729,2792 1726,2792 1723,2792 1713,2800 1702,2805 1683,2800 1646,2789 1643,2789 1641,2789 1638,2789 1606,2802 1587,2808 1486,2805 1342,2800 1339,2800 1262,2810 1216,2816 1160,2813 1000,2802 998,2802 995,2802 966,2818 958,2821 925,2818 800,2808 797,2808 795,2808 792,2808 776,2824 771,2824 725,2810 723,2810 720,2810 717,2810 715,2810 699,2824 693,2829 605,2829 595,2826 539,2813 536,2813 533,2813 531,2813 477,2829 461,2816 458,2816 456,2816 453,2816 282,2818 168,2837 170,2885"/>
        <Baseline points="170,2885 651,2861 1940,2837"/>
        <TextEquiv conf="0.9835611206513865">
          <Unicode>alibi colligit comprimitque alibi prope majorem massae</Unicode>
        </TextEquiv>
      </TextLine>

      
      
      <TextLine id="eSc_line_9d924e93" custom="structure {type:default;}">
        <Coords points="168,3010 298,3010 298,3008 301,3008 309,3005 344,2989 402,3000 405,3000 408,3000 410,3000 440,2978 645,2978 680,2994 693,3000 696,3000 699,3000 701,3000 717,2992 744,2981 776,2992 795,2997 797,2997 800,2997 803,2997 824,2989 864,2976 923,2986 966,2994 968,2994 971,2994 974,2994 987,2984 1011,2968 1104,2968 1155,2981 1190,2989 1192,2989 1195,2989 1198,2989 1200,2989 1200,2986 1211,2978 1219,2970 1254,2976 1310,2986 1312,2986 1315,2986 1342,2973 1371,2962 1419,2973 1481,2984 1483,2984 1486,2984 1515,2970 1537,2960 1587,2968 1665,2978 1667,2978 1886,2957 1889,2925 1881,2872 1569,2888 1537,2880 1505,2869 1502,2869 1499,2869 1497,2869 1494,2869 1494,2872 1483,2880 1470,2893 1371,2882 1283,2874 1280,2874 1278,2874 1254,2885 1227,2898 1107,2890 971,2880 968,2880 966,2880 963,2880 963,2882 949,2893 939,2904 845,2896 715,2885 712,2885 709,2885 680,2901 669,2906 645,2901 584,2888 581,2888 480,2906 426,2914 386,2906 312,2893 309,2893 306,2893 304,2893 282,2909 269,2917 165,2914 168,2973"/>
        <Baseline points="168,2973 691,2938 1889,2925"/>
        <TextEquiv conf="0.8897201989482089">
          <Unicode>partem o u e r optrio  fortiore praedita,</Unicode>
        </TextEquiv>
      </TextLine>

      
      
      <TextLine id="eSc_line_c0b4107e" custom="structure {type:default;}">
        <Coords points="186,3080 392,3080 394,3080 397,3080 448,3056 525,3072 528,3072 531,3072 581,3048 888,3045 987,3058 990,3058 992,3058 995,3058 1016,3040 1107,3037 1211,3061 1219,3061 1222,3061 1224,3061 1232,3061 1342,3032 1470,3053 1473,3053 1475,3053 1478,3053 1507,3029 1603,3050 1606,3050 1609,3050 1819,3045 1819,3000 1811,2952 1598,2965 1571,2957 1550,2952 1547,2952 1545,2952 1497,2960 1441,2970 1360,2965 1224,2954 1222,2954 1219,2954 1216,2954 1192,2970 1182,2976 1131,2973 992,2960 990,2960 987,2960 984,2960 963,2978 955,2981 928,2978 811,2965 808,2965 805,2965 765,2984 760,2986 757,2984 733,2968 731,2968 728,2968 667,2968 664,2968 661,2968 659,2968 635,2986 531,2973 528,2973 525,2973 523,2973 499,2992 496,2992 416,2973 413,2973 410,2973 408,2973 408,2976 389,2994 234,2978 232,2978 229,2978 184,2997 186,3045"/>
        <Baseline points="186,3045 712,3018 1819,3000"/>
        <TextEquiv conf="0.9732802832126617">
          <Unicode>(experimentis enim demonstrari potest oa compressa</Unicode>
        </TextEquiv>
      </TextLine>

      
      
      <TextLine id="eSc_line_beb24b5b" custom="structure {type:default;}">
        <Coords points="200,3130 344,3149 346,3149 466,3146 469,3146 472,3146 491,3130 504,3122 608,3122 616,3130 621,3133 621,3136 624,3136 627,3136 629,3136 661,3130 707,3120 752,3128 797,3138 800,3138 912,3136 915,3136 931,3128 958,3114 1019,3128 1059,3136 1062,3136 1064,3136 1088,3128 1123,3114 1144,3128 1150,3130 1152,3130 1155,3130 1158,3130 1176,3128 1251,3109 1315,3109 1334,3125 1334,3128 1336,3128 1339,3128 1342,3128 1344,3128 1350,3125 1390,3112 1489,3112 1518,3125 1523,3128 1526,3128 1529,3128 1566,3125 1702,3112 1819,3122 1822,3080 1814,3032 1606,3040 1587,3034 1553,3026 1550,3026 1547,3026 1545,3026 1507,3037 1486,3042 1459,3040 1398,3029 1395,3029 1294,3042 1246,3048 1128,3045 800,3040 797,3040 675,3053 648,3042 645,3042 643,3042 640,3042 605,3058 603,3058 595,3058 499,3048 496,3048 197,3066 200,3114"/>
        <Baseline points="200,3114 851,3085 1822,3080"/>
        <TextEquiv conf="0.9896227437622693">
          <Unicode>habere motum intestinum fortem dilatata seu tensa</Unicode>
        </TextEquiv>
      </TextLine>

      
      
      <TextLine id="eSc_line_1c439d56" custom="structure {type:default;}">
        <Coords points="210,3229 304,3213 370,3226 381,3226 384,3226 386,3226 392,3224 434,3208 531,3221 544,3221 547,3221 560,3218 667,3200 792,3213 808,3213 811,3213 813,3213 821,3213 885,3194 912,3208 915,3208 917,3208 920,3208 923,3208 944,3192 1155,3202 1192,3202 1195,3202 1198,3202 1208,3200 1267,3184 1368,3194 1392,3197 1395,3197 1398,3197 1406,3194 1451,3178 1499,3192 1502,3192 1505,3192 1507,3192 1883,3178 1883,3136 1881,3096 1867,3085 1865,3085 1862,3085 1859,3085 1609,3104 1606,3104 1585,3088 1582,3088 1579,3088 1577,3088 1574,3088 1571,3088 1550,3104 1489,3090 1486,3090 1483,3090 1441,3106 1438,3109 1433,3106 1398,3093 1395,3093 1392,3093 1390,3093 1331,3109 1318,3112 1299,3109 1214,3098 1211,3098 1150,3112 1118,3120 1046,3114 941,3106 939,3106 891,3117 845,3128 797,3120 757,3112 755,3112 752,3112 731,3120 704,3130 685,3120 672,3114 669,3114 667,3114 573,3117 571,3117 557,3122 531,3138 285,3144 208,3130 210,3189"/>
        <Baseline points="210,3189 837,3160 1883,3136"/>
        <TextEquiv conf="0.9181392112603555">
          <Unicode>ui i ac proinde motum universalem magis</Unicode>
        </TextEquiv>
      </TextLine>

      
      
      <TextLine id="eSc_line_f34584e3" custom="structure {type:default;}">
        <Coords points="189,3309 269,3309 272,3309 274,3309 290,3293 322,3309 325,3309 328,3312 509,3312 509,3309 512,3309 515,3309 515,3306 520,3304 536,3288 565,3301 571,3304 573,3304 576,3306 696,3306 696,3304 699,3304 709,3298 755,3274 875,3272 939,3293 944,3293 947,3293 949,3293 952,3293 960,3290 1040,3266 1232,3266 1278,3282 1288,3285 1291,3285 1294,3285 1326,3280 1499,3253 1555,3274 1558,3274 1561,3274 1563,3274 1566,3274 1633,3248 1683,3272 1686,3272 1689,3272 1691,3272 1891,3264 1891,3216 1883,3162 1670,3176 1651,3168 1641,3162 1638,3162 1635,3162 1593,3168 1510,3181 1483,3170 1462,3162 1459,3162 1457,3162 1382,3173 1283,3189 1179,3178 1115,3173 1112,3173 1110,3173 1083,3181 1030,3197 912,3186 861,3181 859,3181 856,3181 835,3186 776,3205 736,3189 725,3186 723,3186 720,3186 717,3186 715,3186 709,3192 683,3208 627,3192 611,3189 608,3189 605,3189 603,3189 587,3194 520,3213 461,3197 450,3194 448,3194 445,3194 442,3194 437,3197 402,3216 336,3200 330,3200 328,3200 186,3202 189,3272"/>
        <Baseline points="189,3272 907,3240 1891,3216"/>
        <TextEquiv conf="0.9895429941160339">
          <Unicode>turbantia cogit ad locum ubi motus univers alis facilius</Unicode>
        </TextEquiv>
      </TextLine>

      
      
      <TextLine id="eSc_line_48c77b2b" custom="structure {type:default;}">
        <Coords points="208,3378 816,3378 816,3376 819,3376 872,3362 912,3352 936,3360 960,3370 963,3370 966,3370 968,3370 971,3370 971,3368 982,3360 992,3349 1035,3357 1059,3362 1062,3362 1094,3357 1163,3344 1208,3354 1246,3362 1248,3362 1251,3362 1272,3352 1291,3344 1339,3352 1376,3357 1379,3357 1382,3357 1398,3349 1427,3336 1561,3344 1563,3344 1566,3344 1601,3330 1641,3344 1654,3349 1657,3349 1659,3349 1694,3344 1750,3333 1857,3338 1859,3296 1854,3256 1606,3248 1603,3248 1601,3248 1598,3248 1577,3264 1569,3269 1334,3274 1302,3272 1182,3261 1179,3261 1176,3261 1174,3261 1174,3264 1158,3277 1155,3280 1120,3277 1008,3272 1006,3272 1003,3272 1000,3272 984,3282 982,3285 968,3282 901,3269 899,3269 896,3269 859,3288 856,3288 843,3288 728,3274 725,3274 723,3274 691,3293 685,3296 434,3301 432,3301 416,3288 413,3288 410,3288 408,3288 405,3288 349,3304 344,3304 336,3304 221,3290 218,3290 216,3290 213,3290 213,3293 205,3298 208,3346"/>
        <Baseline points="208,3346 1859,3296"/>
        <TextEquiv conf="0.9715272148450216">
          <Unicode>turbari potest seu languidior est, id est versus centrum; ac</Unicode>
        </TextEquiv>
      </TextLine>

      
      
      <TextLine id="eSc_line_229838b1" custom="structure {type:default;}">
        <Coords points="229,3456 418,3453 421,3453 424,3453 426,3450 442,3437 576,3445 627,3448 629,3448 675,3442 765,3429 821,3437 859,3442 861,3442 909,3434 968,3424 1014,3432 1062,3437 1064,3437 1806,3402 1806,3378 1801,3338 1494,3322 1491,3322 1449,3325 1446,3325 1443,3325 1443,3328 1422,3346 1310,3328 1307,3328 1304,3328 1302,3328 1275,3352 1272,3352 1267,3352 1120,3333 1118,3333 1115,3333 1112,3333 1083,3352 1035,3338 1032,3338 1030,3338 1027,3338 960,3360 958,3362 915,3362 755,3362 739,3346 736,3346 733,3346 731,3346 504,3370 483,3354 483,3352 480,3352 477,3352 474,3352 472,3352 432,3373 336,3352 333,3352 330,3352 328,3352 296,3376 226,3378 229,3424"/>
        <Baseline points="229,3424 749,3400 1806,3378"/>
        <TextEquiv conf="0.9491575533151626">
          <Unicode>proinde Et rar dilatatiora proinde a centro  t loc</Unicode>
        </TextEquiv>
      </TextLine>

      
      
      <TextLine id="eSc_line_fdf88859" custom="structure {type:default;}">
        <Coords points="194,3506 280,3533 282,3533 285,3533 288,3533 360,3514 405,3528 408,3528 410,3528 413,3528 453,3506 552,3528 555,3528 557,3528 611,3506 781,3501 792,3501 795,3501 907,3514 909,3514 912,3514 915,3514 933,3498 952,3485 976,3498 995,3506 998,3506 1000,3506 1056,3496 1168,3477 1243,3477 1264,3496 1272,3501 1272,3504 1275,3504 1278,3504 1280,3504 1408,3501 1411,3501 1433,3493 1473,3477 1545,3488 1547,3488 1550,3488 1553,3488 1585,3464 1731,3488 1734,3437 1726,3397 192,3448 194,3488"/>
        <Baseline points="194,3488 1734,3437"/>
        <TextEquiv conf="0.9834088179800246">
          <Unicode>a centro aeque distante repugna. Resistit aut</Unicode>
        </TextEquiv>
      </TextLine>

      
      
      <TextLine id="eSc_line_81197a9b" custom="structure {type:default;}">
        <Coords points="232,3578 472,3594 474,3594 477,3594 525,3573 525,3570 813,3565 885,3584 888,3584 891,3584 893,3584 947,3560 949,3560 960,3560 1096,3578 1099,3578 1102,3578 1134,3562 1251,3570 1254,3570 1256,3570 1304,3552 1307,3549 1312,3552 1355,3570 1358,3570 1360,3570 1363,3570 1366,3570 1390,3557 1651,3560 1654,3560 1657,3560 1734,3538 1734,3506 1729,3474 1622,3458 1619,3458 1617,3458 1614,3458 1585,3477 1582,3477 1470,3464 1467,3464 1465,3464 1462,3464 1438,3482 1435,3485 1358,3485 1342,3485 1123,3474 1120,3474 1019,3477 1016,3477 1014,3477 987,3496 949,3480 947,3480 944,3480 941,3480 939,3480 912,3496 787,3485 784,3485 781,3485 733,3501 667,3488 664,3488 661,3488 659,3488 659,3490 640,3509 461,3512 317,3498 314,3498 312,3498 229,3520 232,3557"/>
        <Baseline points="232,3557 861,3530 1427,3528 1734,3506"/>
        <TextEquiv conf="0.9659226992220249">
          <Unicode>quod si ea a centro repell dilatatiora aut ad centrum</Unicode>
        </TextEquiv>
      </TextLine>

      
      
      <TextLine id="eSc_line_695c47e3" custom="structure {type:default;}">
        <Coords points="234,3658 437,3666 440,3666 544,3653 632,3642 659,3650 680,3658 683,3658 685,3658 688,3658 720,3650 760,3640 795,3648 821,3656 824,3656 827,3656 829,3656 845,3648 872,3634 1038,3642 1083,3645 1086,3645 1088,3645 1091,3645 1094,3642 1110,3632 1240,3640 1264,3640 1267,3640 1280,3640 1395,3621 1478,3634 1499,3637 1502,3637 1505,3637 1507,3637 1510,3634 1529,3621 1545,3634 1547,3637 1550,3637 1553,3637 1555,3637 1691,3629 1691,3586 1683,3538 1478,3554 1449,3544 1430,3538 1427,3538 1424,3538 1422,3538 1395,3546 1363,3554 1326,3549 1283,3541 1280,3541 1278,3541 1259,3549 1243,3560 1190,3552 1142,3546 1139,3546 1136,3546 1102,3554 1059,3565 1016,3557 966,3549 963,3549 960,3549 925,3560 901,3568 848,3562 755,3554 752,3554 539,3573 437,3581 408,3576 344,3565 341,3565 338,3565 306,3581 296,3584 232,3584 234,3624"/>
        <Baseline points="234,3624 1691,3586"/>
        <TextEquiv conf="0.9103741249577566">
          <Unicode>compressiora ad centrumob obstacula  negaat;</Unicode>
        </TextEquiv>
      </TextLine>

      
      
      <TextLine id="eSc_line_d8563d43" custom="structure {type:default;}">
        <Coords points="189,3738 216,3722 242,3736 248,3738 250,3738 253,3738 376,3736 378,3736 381,3736 386,3733 421,3712 616,3725 683,3728 685,3728 688,3728 691,3728 699,3722 723,3704 824,3717 869,3722 872,3722 875,3722 893,3714 915,3706 947,3714 979,3720 982,3720 984,3720 1003,3712 1040,3696 1094,3706 1096,3706 1187,3693 1203,3704 1211,3712 1214,3712 1216,3712 1219,3712 1222,3712 1240,3704 1272,3690 1296,3701 1310,3709 1312,3709 1315,3709 1318,3709 1344,3701 1390,3685 1433,3698 1454,3704 1457,3704 1459,3704 1462,3704 1491,3696 1534,3682 1563,3693 1582,3701 1585,3701 1587,3701 1691,3688 1691,3656 1683,3594 1603,3597 1601,3597 1598,3597 1571,3621 1534,3600 1531,3600 1529,3600 1526,3600 1470,3624 1403,3602 1400,3602 1398,3602 1331,3616 1296,3605 1294,3605 1291,3605 1288,3605 1286,3605 1254,3629 1176,3608 1174,3608 1171,3608 1168,3608 1070,3634 1011,3613 1008,3613 1006,3613 1003,3613 1000,3613 966,3640 811,3640 728,3621 725,3621 723,3621 645,3648 541,3648 515,3632 512,3632 509,3632 507,3632 504,3632 464,3653 322,3653 296,3637 293,3637 290,3637 181,3634 184,3696"/>
        <Baseline points="184,3696 1691,3656"/>
        <TextEquiv conf="0.9799326260884603">
          <Unicode>disjiciet compressa comprimet dilatata, prout locus</Unicode>
        </TextEquiv>
      </TextLine>

      
      
      <TextLine id="eSc_line_72aad1ca" custom="structure {type:default;}">
        <Coords points="176,3810 210,3792 269,3808 272,3808 274,3808 277,3808 285,3808 392,3786 520,3800 525,3800 528,3800 531,3800 533,3800 555,3784 648,3797 661,3797 664,3797 683,3794 824,3776 931,3786 933,3786 936,3786 974,3773 1022,3786 1038,3789 1040,3789 1043,3789 1046,3789 1059,3784 1094,3770 1123,3784 1131,3786 1134,3786 1136,3786 1168,3781 1256,3765 1280,3778 1283,3781 1286,3781 1288,3781 1291,3781 1315,3778 1387,3762 1403,3776 1406,3778 1408,3778 1411,3778 1414,3778 1416,3778 1438,3773 1491,3760 1521,3770 1531,3776 1534,3776 1537,3776 1587,3770 1691,3754 1718,3765 1726,3725 1715,3666 1665,3685 1627,3669 1625,3669 1622,3669 1617,3669 1513,3688 1491,3672 1489,3672 1486,3672 1483,3672 1366,3674 1363,3674 1360,3674 1358,3677 1331,3696 1104,3698 1062,3688 1046,3682 1043,3682 1040,3682 1038,3682 1016,3688 974,3701 944,3690 936,3688 933,3688 931,3688 896,3693 805,3706 752,3696 715,3690 712,3690 709,3690 707,3690 699,3698 683,3709 592,3701 501,3696 499,3696 426,3706 368,3720 258,3720 250,3714 242,3706 242,3704 240,3704 237,3704 234,3704 170,3714 173,3768"/>
        <Baseline points="173,3768 768,3741 1726,3725"/>
        <TextEquiv conf="0.9765675763289133">
          <Unicode>id est corporum circumjacentium status requirit.</Unicode>
        </TextEquiv>
      </TextLine>

      
      
      <TextLine id="eSc_line_4fca74cf" custom="structure {type:default;}">
        <Coords points="1681,3762 1251,3762 1078,3762 1075,3762 1072,3762 1070,3762 1064,3768 1056,3776 1035,3768 1014,3762 1011,3762 1008,3762 915,3773 861,3778 835,3776 757,3768 755,3768 752,3768 728,3781 717,3784 683,3781 613,3776 611,3776 547,3786 523,3792 440,3792 440,3789 426,3778 426,3776 424,3776 421,3776 418,3776 416,3776 352,3792 317,3778 314,3778 312,3778 202,3797 205,3842 205,3880 336,3861 474,3872 515,3874 517,3874 555,3869 664,3853 771,3864 821,3866 824,3866 827,3866 848,3861 891,3848 1096,3853 1270,3856 1272,3856 1328,3845 1382,3834 1427,3842 1483,3850 1486,3850 1507,3845 1513,3840 1537,3840 1550,3837 1593,3829 1622,3834 1667,3845 1670,3845 1857,3826 1857,3794 1849,3741 1846,3741"/>
        <Baseline points="205,3842 696,3818 1857,3794"/>
        <TextEquiv conf="0.9751295690183286">
          <Unicode>pendent ergo phaenomena illa omnia a conatu universali</Unicode>
        </TextEquiv>
      </TextLine>

      
      
      <TextLine id="eSc_line_2302f85b" custom="structure {type:default;}">
        <Coords points="1497,3845 1497,3866 1550,3874 1553,3842 1547,3813 1505,3802 1494,3802"/>
        <Baseline points="1497,3845 1553,3842"/>
        <TextEquiv conf="0.9656453132629395">
          <Unicode>ei</Unicode>
        </TextEquiv>
      </TextLine>

      
      
      <TextLine id="eSc_line_caf042cd" custom="structure {type:default;}">
        <Coords points="1518,3845 1505,3845 1451,3845 1443,3837 1433,3826 1433,3824 1430,3824 1427,3824 1424,3824 1243,3829 1166,3842 1126,3850 1110,3845 1075,3832 1072,3832 1070,3832 987,3845 859,3834 856,3834 853,3834 787,3853 776,3856 771,3853 752,3840 749,3840 747,3840 744,3840 661,3856 656,3856 653,3856 533,3842 531,3842 402,3864 389,3864 384,3864 330,3845 328,3845 325,3845 197,3866 200,3917 200,3954 330,3952 333,3952 336,3952 352,3938 434,3949 450,3949 453,3949 456,3949 458,3949 458,3946 480,3933 552,3944 568,3946 571,3946 573,3946 576,3946 579,3944 597,3930 616,3944 619,3944 621,3944 624,3944 669,3941 880,3925 1056,3930 1222,3933 1224,3933 1227,3933 1264,3922 1286,3917 1304,3922 1336,3930 1339,3930 1342,3930 1553,3914 1595,3912 1617,3912 1790,3922 1793,3922 1795,3922 1851,3904 1851,3877 1841,3826 1827,3834 1814,3826 1793,3816 1790,3816 1787,3816 1785,3816 1739,3829 1713,3837 1694,3829 1670,3821 1667,3821 1665,3821 1662,3821 1659,3821 1643,3832 1627,3842 1531,3842 1531,3845"/>
        <Baseline points="200,3917 736,3893 1851,3877"/>
        <TextEquiv conf="0.9690924750434028">
          <Unicode>Naturae universali ad uniformitatem, idto ubi</Unicode>
        </TextEquiv>
      </TextLine>

      
      
      <TextLine id="eSc_line_fb1d7e7f" custom="structure {type:default;}">
        <Coords points="186,4013 256,4021 258,4021 261,4021 264,4021 277,4013 285,4008 301,4013 338,4024 341,4024 344,4024 346,4024 378,4010 392,4005 402,4010 429,4024 432,4024 434,4024 517,4008 573,4000 675,4005 813,4016 816,4016 907,4013 909,4013 931,4002 944,3994 1027,4000 1123,4008 1126,4008 1128,4008 1158,3997 1198,3986 1286,3997 1344,4002 1347,4002 1494,3997 1497,3997 1505,3992 1529,3981 1571,3992 1595,3997 1598,3997 1601,3997 1683,3989 1833,3976 1974,3984 1977,3944 1972,3906 1230,3906 1227,3906 1224,3906 1192,3922 1187,3922 1174,3922 1067,3909 1064,3909 1062,3909 1027,3925 1024,3925 1019,3925 941,3912 939,3912 859,3928 856,3928 816,3914 813,3914 811,3914 683,3933 667,3933 643,3933 466,3922 464,3922 461,3922 432,3938 184,3941 186,3986"/>
        <Baseline points="186,3986 819,3962 1977,3944"/>
        <TextEquiv conf="0.9765110621376644">
          <Unicode>eadem ratio est, ad ae qualitatemus ubi diversa ad proportionem</Unicode>
        </TextEquiv>
      </TextLine>

      
      
      <TextLine id="eSc_line_1eef6d64" custom="structure {type:default;}">
        <Coords points="213,4194 392,4173 584,4184 587,4184 589,4184 637,4168 829,4184 832,4184 835,4184 837,4184 933,4162 990,4176 992,4176 995,4176 1115,4160 1192,4178 1198,4178 1200,4178 1211,4178 1307,4160 1334,4176 1336,4176 1339,4176 1342,4176 1350,4176 1443,4157 1553,4168 1555,4168 1558,4168 1561,4168 1561,4165 1571,4154 1606,4170 1609,4170 1611,4170 1619,4170 1779,4146 2001,4162 2004,4112 2001,4074 1924,4053 1921,4053 1918,4053 1916,4053 1862,4072 1779,4056 1777,4056 1774,4056 1771,4056 1747,4077 1745,4080 1526,4080 1523,4080 1483,4061 1481,4061 1478,4061 1475,4061 1473,4061 1443,4080 1441,4082 1435,4080 1395,4069 1392,4069 1390,4069 1254,4082 1230,4085 1227,4082 1211,4069 1208,4069 1206,4069 1056,4066 1054,4066 920,4074 917,4074 915,4074 896,4088 888,4093 856,4088 800,4080 797,4080 795,4080 757,4090 733,4096 712,4090 648,4074 645,4074 643,4074 640,4074 608,4093 595,4098 571,4093 509,4077 507,4077 504,4077 373,4082 370,4082 368,4082 354,4096 341,4104 210,4098 213,4149"/>
        <Baseline points="213,4149 880,4128 2004,4112"/>
        <TextEquiv conf="0.9617927029951295">
          <Unicode>asseruntur et a doctissimis Philosophis nostro tempore ponderiaeris</Unicode>
        </TextEquiv>
      </TextLine>

      
      
      <TextLine id="eSc_line_a7ed1d92" custom="structure {type:default;}">
        <Coords points="152,4277 218,4277 218,4274 221,4274 224,4274 242,4258 264,4274 266,4274 269,4274 272,4274 274,4274 277,4274 322,4250 368,4250 386,4266 386,4269 389,4269 392,4269 394,4269 491,4248 581,4269 587,4269 589,4269 592,4269 595,4269 675,4245 779,4245 808,4264 811,4264 813,4264 816,4264 819,4264 867,4242 976,4264 990,4264 992,4264 995,4264 1000,4261 1046,4248 1160,4256 1163,4256 1166,4256 1216,4237 1395,4256 1403,4256 1406,4256 1408,4256 1411,4256 1502,4232 1593,4253 1598,4253 1601,4253 1835,4248 1838,4197 1830,4144 1537,4160 1499,4152 1470,4144 1467,4144 1465,4144 1462,4144 1427,4152 1390,4162 1360,4154 1328,4146 1326,4146 1323,4146 1320,4146 1296,4157 1280,4162 1203,4160 1048,4149 1046,4149 1043,4149 1040,4149 1040,4152 1027,4162 1022,4168 1008,4162 971,4152 968,4152 966,4152 856,4168 808,4173 773,4170 659,4154 656,4154 595,4157 592,4157 589,4157 589,4160 573,4176 571,4176 565,4176 491,4157 488,4157 485,4157 429,4178 426,4178 408,4178 210,4170 208,4170 205,4170 149,4184 152,4224"/>
        <Baseline points="152,4224 1838,4197"/>
        <TextEquiv conf="0.9531898211974364">
          <Unicode>ascripta sunt habent causam prim universalem conatum</Unicode>
        </TextEquiv>
      </TextLine>

      
      
      <TextLine id="eSc_line_934ce154" custom="structure {type:default;}">
        <Coords points="168,4322 218,4349 221,4349 224,4352 365,4352 365,4349 450,4346 453,4346 456,4346 456,4344 480,4322 485,4314 640,4314 653,4322 677,4333 680,4333 683,4333 893,4320 1091,4309 1104,4320 1123,4336 1123,4338 1126,4338 1128,4338 1131,4338 1326,4320 1416,4312 1587,4312 1603,4320 1641,4330 1643,4330 1646,4330 1771,4317 1771,4280 1766,4240 1569,4224 1566,4224 1419,4242 1366,4248 1331,4242 1280,4234 1278,4234 1171,4245 1102,4250 1080,4245 1043,4234 1040,4234 1038,4234 1035,4234 1032,4234 1032,4237 1022,4245 1016,4253 888,4253 869,4248 832,4234 829,4234 827,4234 824,4234 776,4248 747,4258 688,4258 680,4250 669,4240 669,4237 667,4237 664,4237 661,4237 603,4250 563,4258 517,4250 466,4242 464,4242 461,4242 432,4253 410,4258 402,4253 386,4240 384,4240 381,4240 378,4240 301,4242 298,4242 296,4242 296,4245 285,4253 280,4258 269,4253 258,4245 256,4245 253,4245 250,4245 248,4245 245,4245 237,4253 229,4258 165,4256 168,4301"/>
        <Baseline points="168,4301 1771,4280"/>
        <TextEquiv conf="0.9916248530672308">
          <Unicode>Naturae ad uuniformitatem, cujos exemplum tantum caeteris</Unicode>
        </TextEquiv>
      </TextLine>

      
      
      <TextLine id="eSc_line_9242ad38" custom="structure {type:default;}">
        <Coords points="173,4402 237,4402 240,4402 258,4418 258,4421 261,4421 264,4421 266,4421 269,4421 320,4402 426,4426 429,4426 520,4410 637,4418 640,4418 643,4418 699,4394 784,4416 787,4416 789,4416 869,4397 901,4418 904,4418 907,4418 909,4418 912,4418 915,4418 939,4400 1046,4416 1048,4416 1051,4416 1104,4394 1123,4410 1123,4413 1126,4413 1128,4413 1131,4416 1262,4416 1262,4413 1264,4413 1267,4413 1315,4381 1422,4381 1499,4408 1502,4408 1505,4410 1574,4410 1574,4408 1577,4408 1646,4389 1678,4405 1681,4405 1683,4405 1686,4405 1689,4405 1731,4376 1886,4370 1886,4344 1878,4298 1414,4314 1368,4306 1315,4298 1312,4298 1310,4298 1280,4309 1251,4320 1214,4312 1184,4304 1182,4304 1179,4304 1176,4304 1155,4312 1136,4320 1128,4312 1112,4298 1112,4296 1110,4296 1107,4296 949,4296 947,4296 869,4309 696,4301 693,4301 691,4301 643,4322 621,4333 170,4333 173,4373"/>
        <Baseline points="173,4373 1886,4344"/>
        <TextEquiv conf="0.957123484978309">
          <Unicode>frequentius, e in Aeris Gravitate atque Elaterio esse, ac proinde</Unicode>
        </TextEquiv>
      </TextLine>

      
      
      <TextLine id="eSc_line_0f5a7c6e" custom="structure {type:default;}">
        <Coords points="2033,4384 1948,4397 1822,4384 1793,4381 1790,4381 1769,4384 1694,4397 1675,4386 1670,4381 1667,4381 1665,4381 1582,4381 1579,4381 1577,4381 1574,4381 1569,4386 1555,4397 1507,4386 1497,4386 1494,4386 1491,4386 1489,4389 1462,4400 1339,4389 1256,4384 1254,4384 1251,4384 1248,4384 1238,4392 1222,4402 933,4402 904,4397 824,4384 821,4384 819,4384 781,4397 768,4402 741,4397 669,4386 667,4386 418,4402 405,4402 402,4402 325,4386 322,4386 320,4386 317,4386 296,4405 152,4405 154,4448 157,4493 237,4469 664,4485 816,4490 819,4490 821,4490 824,4490 835,4482 859,4466 893,4482 909,4488 912,4488 915,4490 915,4488 917,4488 933,4480 971,4466 1099,4466 1120,4477 1142,4488 1144,4488 1147,4490 1280,4490 1280,4488 1283,4488 1307,4474 1315,4469 1323,4474 1339,4488 1342,4488 1344,4488 1347,4488 1441,4472 1499,4464 1545,4472 1603,4480 1606,4480 1609,4480 1651,4469 1673,4464 1681,4469 1705,4485 1707,4485 1710,4485 1713,4485 2060,4461 2062,4434 2057,4392 2046,4389"/>
        <Baseline points="154,4448 765,4434 2062,4434"/>
        <TextEquiv conf="0.96647227058808">
          <Unicode>phaenomena illa saepe quidem, non temper tamen his deberi ex sequentibus</Unicode>
        </TextEquiv>
      </TextLine>

      
      
      <TextLine id="eSc_line_b4ef0161" custom="structure {type:default;}">
        <Coords points="426,4554 434,4557 504,4578 507,4578 509,4578 512,4578 515,4578 515,4576 539,4557 541,4554 677,4554 683,4557 709,4576 712,4576 715,4576 717,4576 720,4576 773,4557 779,4554 784,4557 843,4586 845,4586 848,4586 851,4586 931,4557 939,4554 1054,4554 1056,4557 1112,4586 1115,4586 1118,4586 1224,4573 1227,4573 1230,4573 1230,4570 1246,4557 1251,4554 1259,4557 1344,4581 1347,4581 1350,4581 1563,4568 1598,4586 1601,4586 1603,4589 1937,4589 1937,4586 1940,4586 2001,4557 2004,4557 2006,4557 2044,4570 2046,4570 2049,4570 2105,4557 2108,4514 2100,4461 1934,4480 1801,4466 1798,4466 1545,4480 1443,4461 1441,4461 1438,4461 1392,4482 1008,4482 939,4461 936,4461 933,4461 931,4461 883,4480 675,4466 672,4466 536,4480 483,4461 480,4461 232,4461 232,4509 232,4554"/>
        <Baseline points="232,4509 888,4525 2108,4514"/>
        <TextEquiv conf="0.9852357573912177">
          <Unicode>Experimentis partim jam publicatis, partim nunc a me propositis patebit</Unicode>
        </TextEquiv>
      </TextLine>

      
    </TextRegion>
    
    <TextRegion id="r3"  custom="structure {type:MarginTextZone;}">
      <Coords points="1890,2007 1888,2134 2101,2174 2271,2198 2471,2170 2478,2117 2765,2107 2753,2009 2445,2003 2060,2013"/>
      
      
      <TextLine id="eSc_line_56399a40" custom="structure {type:default;}">
        <Coords points="2697,2026 2671,2013 2661,2007 2476,2004 2358,2013 2330,2006 2109,2012 2108,2013 2060,2013 1980,2013 1977,2016 1950,2021 1924,2032 1924,2064 1924,2096 2737,2090 2737,2064 2724,2042"/>
        <Baseline points="1924,2064 2737,2064"/>
        <TextEquiv conf="0.9788067320297504">
          <Unicode>et a centro per circulationem</Unicode>
        </TextEquiv>
      </TextLine>

      
      
      <TextLine id="eSc_line_9ba9798c" custom="structure {type:default;}">
        <Coords points="2038,2122 2036,2157 2460,2171 2471,2170 2478,2117 2656,2111 2655,2098 2540,2098 2535,2090 2529,2082 2527,2082 2527,2080 2524,2080 2521,2080 2519,2080 2468,2088 2439,2090 2420,2085 2388,2072 2385,2072 2383,2072 2342,2080 2305,2088 2294,2077 2292,2072 2289,2072 2289,2069 2286,2069 2284,2069 2281,2069 2233,2074 2129,2085 2052,2066 2038,2066"/>
        <Baseline points="2038,2122 2476,2132"/>
        <TextEquiv conf="0.9942464782641485">
          <Unicode>terra rejecta</Unicode>
        </TextEquiv>
      </TextLine>

      
    </TextRegion>
    
    <TextRegion id="r4"  custom="structure {type:MarginTextZone;}">
      <Coords points="1896,2260 1868,2343 1908,2394 2166,2399 2625,2404 2981,2417 3208,2393 3198,2305 3039,2264 2687,2270 2343,2277 2091,2272"/>
      
      
      <TextLine id="eSc_line_abf5032e" custom="structure {type:default;}">
        <Coords points="3143,2301 3116,2298 3090,2296 3063,2293 3036,2290 3010,2290 2983,2290 2959,2290 2948,2296 2740,2296 2713,2288 2703,2285 2689,2285 2663,2285 2657,2285 2652,2293 2401,2293 2383,2282 2377,2280 2369,2280 2342,2277 2334,2277 2286,2282 2206,2290 2190,2280 2182,2274 2180,2274 2177,2274 2156,2274 2129,2274 2102,2274 2076,2274 2049,2277 2022,2288 1996,2298 1969,2309 1942,2320 1916,2333 1913,2288 1913,2290 1891,2277 1889,2336 1887,2368 1908,2394 1927,2394 1950,2373 2068,2373 2086,2389 2086,2392 2089,2392 2092,2392 2094,2392 2097,2392 2145,2373 2249,2373 2286,2394 2294,2400 2297,2400 2300,2400 2302,2400 2305,2400 2321,2394 2356,2381 2374,2394 2386,2401 2418,2402 2436,2392 2452,2384 2463,2392 2475,2402 2549,2403 2601,2397 2659,2405 2701,2407 2716,2394 2756,2409 2871,2413 2962,2413 2962,2410 2964,2410 2967,2410 3004,2386 3023,2376 3172,2384 3178,2341 3175,2304 3170,2304"/>
        <Baseline points="1889,2336 2556,2330 3178,2341"/>
        <TextEquiv conf="0.9829623983019874">
          <Unicode>Si tensionem, cur non potius compressionem</Unicode>
        </TextEquiv>
      </TextLine>

      
    </TextRegion>
    
    <TextRegion id="r1"  custom="structure {type:MarginTextZone;}">
      <Coords points="2045,3031 2045,3673 3220,3673 3220,3031"/>
      
      
      <TextLine id="eSc_line_dea07154" custom="structure {type:default;}">
        <Coords points="3015,3088 2988,3088 2962,3088 2935,3088 2908,3088 2882,3088 2855,3088 2828,3090 2801,3090 2775,3090 2748,3090 2721,3093 2695,3093 2668,3093 2641,3098 2615,3096 2588,3090 2561,3093 2535,3093 2508,3093 2481,3096 2455,3101 2428,3101 2401,3098 2383,3069 2076,3069 2054,3101 2057,3109 2057,3141 2214,3136 2249,3144 2318,3157 2321,3157 2324,3157 2385,3141 2428,3130 2476,3138 2553,3154 2556,3154 2676,3152 2679,3152 2711,3136 2729,3128 2745,3136 2772,3149 2775,3149 2777,3149 2890,3146 2892,3146 2938,3133 2978,3122 3055,3130 3058,3093 3055,3090 3042,3090"/>
        <Baseline points="2057,3109 3058,3093"/>
        <TextEquiv conf="0.9783970183796353">
          <Unicode>de quo suo coco futius dicam, et cem</Unicode>
        </TextEquiv>
      </TextLine>

      
      
      <TextLine id="eSc_line_09dccb9a" custom="structure {type:default;}">
        <Coords points="3140,3146 3114,3146 3087,3146 3060,3146 3034,3146 3007,3170 2980,3170 2954,3168 2927,3168 2900,3170 2874,3170 2847,3168 2820,3168 2793,3165 2767,3165 2740,3165 2713,3162 2687,3162 2660,3160 2633,3160 2607,3165 2580,3170 2553,3170 2527,3154 2500,3152 2473,3152 2447,3149 2420,3149 2393,3149 2366,3146 2340,3146 2332,3136 2260,3138 2257,3138 2254,3138 2241,3152 2188,3138 2185,3138 2182,3138 2124,3149 2100,3170 2102,3184 2102,3216 2268,3216 2276,3218 2310,3237 2313,3237 2316,3237 2318,3237 2321,3237 2340,3218 2348,3213 2356,3218 2372,3229 2374,3229 2377,3229 2380,3229 2383,3229 2385,3229 2396,3221 2401,3216 2404,3221 2417,3229 2420,3229 2423,3229 2425,3229 2428,3229 2431,3229 2441,3221 2447,3216 2479,3221 2516,3226 2519,3226 2556,3221 2615,3213 2641,3221 2665,3232 2668,3232 2671,3232 2673,3232 2708,3224 2743,3216 2785,3224 2815,3229 2817,3229 2820,3229 2823,3229 2828,3224 2847,3208 2903,3224 2916,3229 2919,3229 2922,3229 2924,3229 2927,3229 2927,3226 2930,3226 2948,3205 3015,3205 3039,3224 3039,3226 3042,3226 3044,3226 3047,3229 3183,3229 3186,3170 3178,3146 3167,3146"/>
        <Baseline points="2102,3184 3186,3170"/>
        <TextEquiv conf="0.9391173311642238">
          <Unicode>veteribus inter certa,  palo sophis</Unicode>
        </TextEquiv>
      </TextLine>

      
      
      <TextLine id="eSc_line_19ba02ad" custom="structure {type:default;}">
        <Coords points="3159,3234 3132,3232 3106,3229 3079,3226 3052,3224 3026,3221 3018,3210 2922,3208 2919,3208 2916,3208 2890,3221 2828,3208 2812,3229 2785,3248 2759,3253 2732,3250 2705,3253 2679,3240 2652,3240 2625,3237 2599,3234 2572,3237 2545,3237 2519,3240 2492,3253 2465,3248 2452,3216 2244,3213 2241,3213 2148,3221 2145,3229 2118,3245 2092,3258 2094,3264 2094,3301 2124,3309 2126,3309 2129,3309 2132,3309 2142,3301 2156,3293 2166,3301 2174,3306 2174,3309 2177,3309 2180,3309 2182,3312 2383,3312 2383,3309 2385,3309 2415,3301 2441,3290 2460,3298 2476,3306 2479,3306 2481,3306 2484,3306 2487,3306 2497,3298 2513,3290 2543,3298 2567,3306 2569,3306 2572,3306 2615,3298 2665,3288 2695,3298 2711,3304 2713,3304 2716,3304 2719,3304 2737,3298 2777,3285 2940,3285 2951,3296 2959,3301 2959,3304 2962,3304 2964,3304 2967,3304 2970,3304 2991,3296 3018,3285 3194,3293 3196,3261 3188,3237 3186,3237"/>
        <Baseline points="2094,3264 2860,3253 3196,3261"/>
        <TextEquiv conf="0.9849424102367499">
          <Unicode>recentioribus inter vana Scholasticorum</Unicode>
        </TextEquiv>
      </TextLine>

      
      
      <TextLine id="eSc_line_c6fd26be" custom="structure {type:default;}">
        <Coords points="2591,3309 2564,3312 2537,3322 2511,3317 2495,3282 2110,3285 2113,3330 2113,3373 2321,3352 2447,3365 2495,3370 2497,3370 2540,3362 2604,3352 2641,3360 2668,3368 2671,3368 2673,3368 2719,3360 2756,3352 2817,3357 2922,3365 2924,3365 2927,3365 2964,3352 2994,3344 3162,3346 3164,3317 3156,3280 2628,3282 2617,3306"/>
        <Baseline points="2113,3330 3164,3317"/>
        <TextEquiv conf="0.9913096500165535">
          <Unicode>figmenta habitam demonstrabo idem</Unicode>
        </TextEquiv>
      </TextLine>

      
      
      <TextLine id="eSc_line_7e3a4a3b" custom="structure {type:default;}">
        <Coords points="2108,3389 2110,3426 2182,3418 2182,3381 2174,3333 2110,3346 2102,3357"/>
        <Baseline points="2108,3389 2182,3381"/>
        <TextEquiv conf="0.8939075469970703">
          <Unicode>con</Unicode>
        </TextEquiv>
      </TextLine>

      
      
      <TextLine id="eSc_line_3d271c37" custom="structure {type:default;}">
        <Coords points="2196,3394 2270,3392 2273,3368 2268,3338 2193,3338 2196,3370"/>
        <Baseline points="2196,3370 2273,3368"/>
        <TextEquiv conf="0.9965689977010092">
          <Unicode>sin</Unicode>
        </TextEquiv>
      </TextLine>

      
      
      <TextLine id="eSc_line_178e641e" custom="structure {type:default;}">
        <Coords points="2540,3370 2513,3373 2487,3376 2460,3378 2433,3381 2407,3384 2380,3386 2353,3389 2326,3394 2313,3368 2260,3368 2246,3370 2220,3370 2193,3370 2196,3400 2196,3448 2297,3429 2484,3440 2543,3442 2545,3442 2623,3434 2767,3421 2801,3429 2831,3437 2833,3437 2836,3437 2890,3426 2922,3421 2946,3426 2994,3434 2996,3434 2999,3434 3020,3424 3031,3418 3050,3421 3108,3434 3111,3434 3114,3434 3151,3418 3151,3386 3146,3338 2975,3338 2972,3338 2970,3338 2956,3344 2922,3357 2849,3346 2801,3341 2799,3341 2796,3341 2780,3349 2761,3360 2719,3352 2679,3344 2676,3344 2620,3354 2591,3362 2569,3362 2567,3365"/>
        <Baseline points="2196,3400 3151,3386"/>
        <TextEquiv conf="0.9735052739420245">
          <Unicode>pus modo plus modo minus spatii</Unicode>
        </TextEquiv>
      </TextLine>

      
      
      <TextLine id="eSc_line_5ec62f93" custom="structure {type:default;}">
        <Coords points="3170,3408 3036,3421 3018,3410 3010,3405 3007,3405 3004,3405 3002,3405 2999,3405 2996,3405 2996,3408 2991,3410 2978,3426 2890,3426 2858,3416 2823,3405 2820,3405 2817,3405 2815,3405 2769,3418 2735,3426 2700,3418 2641,3408 2639,3408 2636,3408 2604,3421 2593,3426 2559,3424 2452,3410 2449,3410 2447,3410 2399,3424 2388,3445 2361,3445 2334,3448 2308,3448 2281,3450 2254,3450 2228,3453 2201,3464 2174,3464 2148,3458 2137,3434 2094,3434 2097,3472 2097,3498 2206,3498 2212,3498 2236,3514 2238,3514 2241,3514 2244,3514 2246,3514 2249,3514 2270,3498 2278,3496 3175,3496 3178,3456 3175,3453 3170,3418"/>
        <Baseline points="2097,3472 3178,3456"/>
        <TextEquiv conf="0.990065919386374">
          <Unicode>materia subtili intrante aut expressa</Unicode>
        </TextEquiv>
      </TextLine>

      
      
      <TextLine id="eSc_line_67e4b298" custom="structure {type:default;}">
        <Coords points="2257,3501 2230,3504 2204,3504 2177,3536 2150,3538 2137,3504 2097,3509 2100,3544 2100,3573 2329,3578 2332,3578 2625,3554 2676,3552 2692,3552 2780,3562 2783,3562 2866,3546 2871,3546 2932,3557 2935,3557 2938,3557 2940,3557 2940,3554 2954,3544 3028,3554 3031,3554 3111,3536 3114,3509 3106,3464 2796,3485 2769,3477 2756,3474 2753,3474 2751,3474 2748,3474 2732,3480 2713,3488 2657,3485 2572,3477 2569,3477 2567,3477 2564,3477 2551,3488 2545,3493 2511,3490 2409,3482 2407,3482 2404,3482 2401,3482 2401,3485 2399,3485 2391,3496 2388,3501 2305,3501 2300,3501 2292,3498 2284,3498"/>
        <Baseline points="2100,3544 3114,3509"/>
        <TextEquiv conf="0.9842219114303589">
          <Unicode>eundem locum modo majorem modo</Unicode>
        </TextEquiv>
      </TextLine>

      
      
      <TextLine id="eSc_line_7a20f447" custom="structure {type:default;}">
        <Coords points="2268,3570 2241,3576 2214,3594 2188,3594 2161,3594 2142,3562 2108,3562 2110,3613 2110,3642 2174,3661 2177,3661 2180,3661 2182,3661 2230,3640 2238,3634 2537,3629 2551,3632 2625,3656 2628,3656 2631,3656 2882,3648 2884,3648 2887,3648 2922,3624 2935,3616 2978,3621 2980,3586 2975,3549 2890,3536 2887,3536 2884,3536 2852,3549 2807,3533 2804,3533 2801,3533 2628,3538 2625,3538 2564,3554 2537,3560 2484,3554 2385,3546 2383,3546 2310,3557 2300,3557 2294,3565"/>
        <Baseline points="2110,3613 2980,3586"/>
        <TextEquiv conf="0.9938670460666928">
          <Unicode>minorem locum implere posse.</Unicode>
        </TextEquiv>
      </TextLine>

      
    </TextRegion>
    
    <TextRegion id="r2"  custom="structure {type:GraphicZone-figure;}">
      <Coords points="2271,1673 2272,752 1840,752 1830,1676"/>
      
    </TextRegion>
    

    
  </Page>
</PcGts>
