4065 2752
498 116 1957 230 mne punctum in recta est suae ad duo alia in eadem
414 183 1923 319 recta sumta puncta rellationis unicum. Nam
437 275 1948 400 cum debur via unica recta a puncto ad punctum, omne
461 336 1923 492 punctum in eam cadens distinguetur ab aliis extra eam
440 412 1954 568 quod slceteo eo ipso quod in hanc viam unicam eadit
454 480 1963 637 Ab iis vero in eadem recta eo ipso discemetur, quod
448 556 2020 700 unum prius aut posterius aliis attiageadum est inhac via a puncto
495 672 839 764 ad punctum
581 736 1009 856 ad Recta est
1055 697 1974 831 recae similis. Quia eadem modo
518 790 1894 924 determinatur scilicet ex duobus extremis solis
604 871 2014 1012 Friangulum non est triangulo simile, quia puncta tria quibus
1940 924 1969 978 a
530 935 1960 1088 inter se determinatur possunt dissimiliter inter se sita esse
556 1067 815 1165 A sic
902 1032 1956 1140 idem ex defruitione. quia ex ea
545 1087 2009 1233 nhil apparet unde sumi possit principium discernendi
579 1174 2027 1310 item sic sit _ Moveatur sit una recta immota indefinit
1091 1290 1125 1328 tom
533 1282 1162 1388 altera Ommota finita
541 1311 1972 1460 superficiem ab in duas partes, et centro Ni et sit
571 1383 2003 1541 recta quaecunque translata NB translata uno suae puncto
567 1536 636 1583 u
640 1472 2001 1608 in rectam LN, un hoc puncto N immoto cuveatur
590 1530 1926 1686 alterum p ex parte b in partem a necesse est ut
543 1609 1945 1773 sicet 2M in q Ergo congruet Nq parti recta, adeoque
558 1677 1948 1836 NP est similis ipsi NZ. (namquo congruunt multat
564 1796 1090 1895 nagis similia sunt)
1110 1745 1968 1885 Jam in recta pars similis est toti, ex
212 1834 1602 1996 de fnitiones ergo N 2 ipsi A LM, ergo et N p ipsi LM.
1018 1895 1367 1976 et emoxediatras
636 1941 1321 2036 An generaliter stendi
1329 1892 1986 2010 potest duas vias sibi
529 1976 1966 2135 similes, esse similes inter se? ibi sane, quia eo
565 2073 1943 2190 ipso species lineae determinatur, ut sit via
576 2163 625 2236 esl
585 2186 651 2264 2b
738 2148 1940 2270 inglis. nec quicq uam addi oportet
544 2209 1949 2339 nam e datis tolum duobus punctis per quo sit
630 2297 1287 2392 tanscandum. Et exhis
1325 2261 2023 2372 nihil erui potest ex hibens
738 2377 760 2420 t
779 2320 2026 2427 diversam spectem, seu quandam specificam consideritiorem
1743 2362 1942 2411 variveilem.
2017 1555 2034 1606 n
2258 42 3991 215 duobus punctis immitis recta movem nonpt, aliqui plures rectae
2251 111 3650 302 sericet phara ejus vestigia possent civasire per dus puncta
3437 188 3945 327 seu si duo separet
2367 227 3385 386 Recta omnes habet facies easdem
2321 296 3853 460 ab utraque parte eodem se modo habett. Nam se non isa es
3332 371 3363 417 es
2326 351 3939 545 patet ex eo quod ex solis duobus punctis dererminatur,
2349 426 3962 614 ita nullum potest ociri principim discernendi. item si secus
2748 553 2927 616 moven
2321 493 4023 688 esset posset mutari, ut una facies linns ferretur in alterius locum)
2344 665 2462 723 I
3026 568 3987 721 in curvis semper ab uena parte
2398 654 3002 775 Hinc reperietur in in
2359 642 3988 839 aliquid ass assumi. quod non assumitur, ab alia, unde
2338 712 3779 917 non cur fit ut earum facies discernantur
2731 808 3970 973 ect a utrinque produci potest quia pars ejus pro
2433 880 2639 993 Rectae
2430 880 3927 1062 ducta est, ergo et totu pro duci potuit, ergo et totum
2440 943 3964 1145 produci potest. quia alioqui pars et totum non esse ut similes.
2595 1022 3942 1195 Duae rectae parallelae sunt, quae ubiue eodem modo
2207 1183 2440 1274 de invicem
2462 1210 2476 1299 d
2477 1080 4013 1252 se habent. Itaque concurrere non possunt, nec sibi reddere
2483 1158 3997 1330 reddi viciniores aut remotiones ergo sunt aequidistantes
2976 1235 3623 1350 indefinitaper AB (indefinitam cD per cd
2436 1340 2739 1426 Duae reclae
2765 1256 4037 1397 Si recta, rectam secet in duas partes cE, DE
2419 1336 3968 1501 et ad ambas partes se habeat eodem modo, dicetur
2409 1467 3025 1574 ad eam perpendicularis
2506 1435 3939 1651 ostendendum est, quia AB eodem modo se habet ad CE et ad Ed
2534 1521 4009 1709 etiam cd eodem modo se habere ad AE et ad BE sumantur
3358 1579 3951 1709 AEC  ACD. et B.
2549 1686 2705 1787 AE, DE
2755 1649 3291 1767 BE, CE aquales, jam
2401 1637 4046 1846 unde sequitur et BEC  BED quia ex AE, determinata est bota rect
2408 1712 4026 1912 sinea t porr Ergo AE CEB  jam EB eodem modo se habet
2384 1781 4005 1961 ad ACE et ad AED. Ergo A ex I et 3 fit AECB  AEdB
2393 1848 3965 2039 sed ostendendum superest congruere AEC, et BED. quia
3058 1914 3982 2053 imnia credo optime prastabuntur
2381 1992 2829 2105 scil recta est sibi
3092 1975 3988 2119 Ex puncto A quare dacenda est
2294 2045 3044 2171 pper modum probiematis.
2765 2117 2846 2193 CD
2907 2038 3924 2190 sumentur AC et Ad aequales, quod fieri pt
2290 2135 2700 2245 cerpendicularis ad
2315 2195 2696 2297 inde biserentur
2760 2094 3935 2253 CD.; in E, patat AE eodem modo se habere ad EC
2349 2268 2557 2342 et ad EC
2740 2166 3898 2307 Educi pt facilius, ubi unaribus, opus paucioribus ex
2315 2200 4002 2383 puncto E, eduenda perpend. nempe ex e C descubatur circulus et ex D posilo
2699 2264 3925 2391 et cd Esse aequales ducatur E ad punctu intersectionis A
310 2563 992 2615 COTTFRED UILHIELM LEIBNIIZ BIBLIOTHIEI
3419 2574 3866 2620 Signatur: LN 3S, 1. 14, (2161. 108V
316 2629 986 2680 NIEDERSACHSISCHELANDESBIBLIOTHE
2061 2028 2361 2125 si ex D ducendus
2208 2088 2362 2187 in
2052 2167 2290 2262 eode urgumento
2050 2024 2287 2079 poro exct
2050 2108 2217 2180 jom perp.
2049 2152 2171 2209 la inc
2046 2227 2266 2296 Ergo simuliter
2066 2265 2265 2356 Acd DE
