4990 4485
82 151 1223 318 ac si nobis Archimedes multa reliquisset
94 259 1293 401 experimenta circa Parabolae et Conoidum
92 336 1251 485 centra gravitatis.+ t ita perit nobis
84 426 1276 583 tempus pretiosissimum, et, perpetuo materiam
85 505 1395 675 colligentes, nunquam structuram ipsam ordimur
112 583 1612 749 Quare Galilaei et Cartesii summorum viro quorundam
127 670 1345 844 Virorum mortem deploro, qui destituti
114 737 1350 944 subsidiis nostris monstravere quid potuissent
114 827 1483 1009 si in nostra tempora incidissent; discipulis eorum
124 924 1353 1088 passim irascor, dum interea discipuli eorum
149 986 1303 1148 plerique enarrationibus ac disceptationum
119 1044 1360 1223 inanibus contenti, nihil memorabile adjiciuunt
117 1117 1597 1323 Magistrorum inventis. Quod non tantum de Platonis et
139 1205 1446 1387 Aristotelis sed et Galilaei et Cartesii sectatoribus
127 1280 1281 1450 dictum volo; qui quales. vulgo sunt mihi
144 1325 2422 1499 parum a Peripateticis differre videntur et juvenum animos materiae cujusdam subtilis
548 1375 2382 1512 usu inanis et vago et saepe ad blaterandum potius quam inveniendum apto
1490 1420 2420 1517 non minus corrumpunt; quam scholastici
152 1452 1258 1597 hacono autm sane, plurimum debemus,
1493 1475 2033 1589 qualitatibus ac formis
503 1504 1251 1632 ad experimenta incitavit,
498 1604 603 1664 ericen
720 1594 772 1651 ve
124 1549 1926 1766 sed nisi cars analytica  accedat, quam in cujus vestigia in paucis
127 1634 1587 1838 pcagnosco, vix Regiis suumtibus et seculorum tractu
144 1714 1582 1901 consequemur, quae in unius privati sed acca arte
127 1796 1432 1975 artis iventure periti patestate
124 1896 1074 2058 utcunque periti, potestate exant.
376 1958 1557 2152 Hujus itaque Artis l magnitudinem
787 2060 1001 2152 aliquanda
134 2080 1348 2249 et praestantiam cum utunque vidissem per
124 2150 1466 2339 nebulam credidi non posse me de genere humano
149 2237 1385 2416 mereri melius, quam si pulchritudine ejus
152 2317 1445 2496 ita accensus sum, ut diu prope obliviscerer
162 2396 1445 2578 caeterorum nita officiorum. Prasertim
149 2484 1308 2636 cum crederem hanc ut ita dicam Visionem
162 2552 1520 2740 esse beneficium coeli, eamque paucis apparuisse
159 2663 1455 2808 mortalibus, et si quibus apparuit, hos eam,
162 2718 2480 2897 quantum constat nobis, non satis secutos fisse negligentia quadam rursus exoculis amisisse
682 2815 849 2890 fuit ha
1323 2775 2482 2880 b aliis omnibus missis. Cum persuasus essem tum
1659 2850 2502 2917 omaxime, et vocanti DEo me obedire
191 2828 1415 2982 Elementa autem tantae Artis neque tradere
1697 2877 2507 2997 et de genere humano bene meveri
157 2910 1393 3057 nunc satis possum, nec vellem si possem;
1717 2950 1863 3062 posse
154 2975 1306 3134 Demonstrationem tamen habeo successus
166 3024 1630 3219 et quod perinde est, certam viam atque ita designatam
184 3059 2492 3269 ita complanatam ut labore e tantum sit opus, et si tep temporis compendium quaerimus
189 3184 1041 3316 conspiratione paucorum, sit opus.
356 3221 1311 3373 Duas maxime artes inveniendi ins
219 3296 1531 3460 LC Duobus maxime modis homines inventores
201 3313 2475 3540 fieri deprehendo per combinationem, et per analysin; et combinatoria autem inventa, voco
1667 3366 2485 3488 cum quis inbenta re invenit aliquem
1630 3388 2592 3533 ejus usum, ut qui mirtute magneti, cognita
169 3445 1435 3615 ex quibus illud Combinatoria autem ingenia et
1640 3445 2462 3573 deprehensa pyxicemi commentus est
179 3518 1440 3682 in opificibus, et in Mercatoribus, et omnino in illis
1662 3500 2504 3627 Analytica  cum, diso, proposit
1822 3565 2452 3685 aliquo unesito datofine
186 3597 1567 3754 agnosco qui sunt foecundi in propositiones consiliaque.
1941 3605 2386 3712 media eruuntur
142 3670 1866 3822 in Ris enim cum magna sit spirituum agitatio spiri  imaginum
201 3737 1478 3891 et simul habitus quidam ad usu e omnia referendi,
209 3795 1987 3966 hinc passim varias inter se id hinc plurimas exiguo tempore
221 3859 1737 4029 ideas inter se ponjungunt, quod aliti aliqui non solent
1438 279 2068 381 quorum tamen possunt dari
1450 341 1860 458 demonstrationes
2587 39 4164 147 volut globulis e sacco agitato exenntibus, hanc statim animadvertunt, ejus
2497 112 3661 261 et si qua se offert conjunctio felix, huic
2507 226 3170 336 statio injiciunt manus.
3207 196 3726 311 ita si quis audiat
2527 261 3725 416 pendulum certae longitudinis unius scrupuli secundi
2524 346 3723 490 horarii spatio absolvere oscillationem, atque inde ei
2517 423 3703 570 in mentem veniat, posse hoc modo mensuras
2542 469 4480 662 rerum ad posteres transmitti, combinutione utitur combinatione utitur
2532 570 3741 725 non admodum inventu difficili sinquis facile
2509 632 3806 802 nam ubi primum admonueris, statim eam percipit
2549 710 3798 874 quivis, unusquisque: sed hoc interest homo homini
2557 777 3766 954 quod non veniunt talia quivis in mentemu
2549 844 3778 1011 atque hnc pertin et e hisoriola de ovo columbi
2534 910 3855 1096 Sed sciendum est Combinatoria ingenia, si Analysi
2554 984 3870 1171 careant, mirifice pla falli; saepe enim temen
4048 1075 4264 1162 intur aut
2564 1061 3721 1253 jungunt quae incompatibilia, unt, quod nisi per
2552 1133 3798 1315 accuratam analysin sep judicari aliquando, non
2569 1161 4725 1375 potest. Ut si quis audiat cochcece Archimedis in helice Arc in corslea Archimedea
2564 1228 4710 1430 corpora per suam propriam graritatem ascendere, ascensum corporum ab ipsa eorum
2552 1300 4416 1509 id est nisi gra ideo ascendere quia gravia sunt gravitate djuvari
2574 1400 3713 1579 quod verum est (nam certe qu corpus quod
2574 1472 3718 1642 grave non esset per eam non attolleretur)
2569 1539 3763 1711 atque inde jam credat ope cochleae ejus haberi
2579 1592 3761 1786 posse motum perpetuum   quod in ea gravia
2582 1669 3718 1856 ipsa sua gravitate sursum nitantur cum ij
2594 1701 3987 1926 credea credens ascensum ab ipsa, is quasi hoc loco
2602 1791 3875 1983 gravitas corpora sursum niti faciat, is male
2599 1950 2906 2053 ratiocinatur
3000 1846 3900 2003 Et si impleve carpora glabulis
2597 1926 3741 2100 cotm cochleam aqua impleat, velitque
2597 1954 4151 2180 hanc aquam effusam ex summo in rotam naliquam incidentem
2594 2060 3776 2242 impetu suo ipsam cochlea circumagere.
2587 2117 3786 2304 s incompatibilia jungit. Itaque ita si quis
2582 2165 3910 2374 andiat victeat aud intelligat aquam in tubos subtiles
2594 2247 3877 2431 ultra aequilibrium ascendere ad pollicis usque altitudinem,
2594 2304 3793 2496 atque inde motum perpetuum confectum putet
2592 2359 3938 2571 in tubulo, qui pollice minor sit, egregie falletur
2769 2479 3830 2651 Analytica facultas in illis est qui rebus
2579 2511 4651 2730 immorabitur sqe easque accurate expendunt, ac resolvunt. Sive hoc natura aut
3833 2653 3853 2730 s
3905 2596 4840 2725 sint consecuti. in quibus id abt non artem
2572 2536 4874 2808 sive hoc natura genii tad tardioris Tad consuetudine quae altera, natum habetur, aut etiam
3883 2633 4865 2786 Est autem in his qui natura analytici sunt
2609 2688 3838 2865 in illis motus, sed major, ideo penetrant magis,
2617 2738 3738 2937 quaem admodum aut regula sed facultate sive
4379 2815 4663 2892 rmento excus
2649 2783 3825 2977 naturali sive nata sive quaesita fit, in his
3925 2845 4192 2947 prossui pllae
4209 2830 4862 2965 hde periculo opponi non posse
2604 2749 4855 3024 tardior motus sed fortior ac penetrans magis, quemadmodum videmus tards ac morieti jam in ee
2594 2905 3968 3094 quemadmodum plus rm murum uns icttormenti
2607 2970 4136 3166 majoris quam pluviam grobulorum ex sclopetis manuariis
2614 3027 3888 3231 et quemadmodum videmus qui morieati jam motui
2622 3067 3990 3296 pilae majoris, pedem Sed si quis ingenio natura
2654 3144 3893 3336 malytico prae combina lorio praeditus methodum
2624 3214 3823 3416 analyticam adjunxerit utriusque commodis sine
2639 3293 3801 3465 utriusque incommodis frui potest. Sed et
2629 3366 3793 3538 Combinatoria quaedam Methodus est, quam
2652 3518 2856 3607 ingenia
2891 3421 3865 3583 naturae magis analytica magis a
2596 3483 4142 3695 profundam analysin, quam promtam agitationem imaginum
2617 3545 4070 3761 natura proclivia, sibi familiarem reddere possunt
3920 1031 4081 1118 ratiocus
4479 480 4852 578 quo quam possit
3865 169 4835 271 dumsi quis am consideret ditulam in aqua
3871 234 4823 348 leviorem levem sentiri, et prout magis
3890 306 4872 408 ac magis extrahitur, graviorem percipo
3900 361 4862 483 atque inde colligat nevum librae eeniia
4471 438 4820 533 excogitari posse
4062 558 4865 657 autometram dicere, pro liquidis
4030 620 4803 710 pariter ac solidis c aptam in
4035 657 4818 772 qua corpora su quam possis
4040 717 4830 824 autometram dicere, quod in ea
4047 774 4818 869 corpora suum ipsa inveniant
4062 819 4877 936 aequipondium nullis licet pondusculis
4024 879 4857 994 ullro citroque adjectis: is combi
4025 949 4361 1053 natione utitue
4376 946 4815 1026 non admodum
4035 1011 4238 1099 difficili
371 4250 1223 4323 COTTFRED VVILHIEIM LEIBNIZ BIBLIOTHIER
4381 4263 4795 4320 Signatur. LHI 3S. 1. 21. 181.40
358 4328 1223 4397 NIEDERSACHSISCHIELANDESBIBLIOTHEN
4094 1387 4872 1487 inventio pombardae; et depretenso
4122 1445 4862 1542 magnetis versoria vi) inventio
4140 1499 4840 1622 pyxidis; atque huc pertinet
4177 1569 4820 1676 historiola de ovo columbi
4222 1637 4788 1721 Atque hos quidem homines
4230 1674 4852 1797 passim ingeniosos vocamus
