3292 4789
138 125 1780 242 Nam quod in altissimi Montis vertice minores altitudo
138 210 1793 340 Mercurii suspensi hujus rationem facile reddere possunt
138 292 1684 417 cum supponant, aerem quanto est altior tanto magis
133 369 1796 492 esse tensum. Ut scilice funis in summo alligatus pondere
143 446 1860 574 sui ipsius tenditur ac diducitur: modo scilicet aerem summum
133 521 1743 654 in summo velut certo puncto alligatum tmosphaerae
164 595 1665 742 superficiem, summam aeris superficiem aut esse
159 678 1692 806 nullam, aeremque expandi per totum Mundum, aut
130 752 1692 907 esse in summo velut alligatam, ut scilicet profundus
133 832 1791 971 descendere tota columna non possit, etsi possent partes
149 901 1820 1045 inferiores,  ad funis instar columnaeque
133 976 1836 1136 e capitello suspensae fulcroque carentis, sibi imaginentur
149 1064 1719 1207 posito enim aerem inso magis esse tensum
159 1152 1644 1282 et aerem tensum vim pati, seque remittere conari
154 1218 1791 1364 ii statum aequabilem, sequetur aerem tensum attrahere
159 1311 1634 1442 Conari; ac proinde Merur pugnam oriri inter
183 1407 1719 1519 duos aeres tensos in Tubo AB. et extrae nberam
1421 1378 1469 1447 iis
162 1476 1792 1606 ac proinde ab interiinteri orq minus trahi, minusu
191 1556 1695 1700 proinde tanto magis eripi quanto exterior est
212 1633 2315 1774 magis tensqus sende etiam ratio, reddi posset, cur Tubo Torricelliano
172 1694 1732 1854 in Expem o Magdeburgeico  siquor plane descendat
202 1793 1665 1936 quia ab aere ejus summe tenso attrahatur. Et
191 1873 2001 2008 cur vesica in sum in imo valle, aut aere libero ordinario
199 1936 1684 2093 flaccida, t in monte aut Recipiente exhausto
162 2014 1761 2155 infletur; quia vesica non minus sotundetur, e extus
159 2085 1676 2237 ab omni parte aequaliter tendatur, quam si intus ab
149 2171 1724 2304 omni parte aequaliter prematur AExperimentum
157 2264 1724 2391 quod hic propono controversiam dirime Nam
258 2314 2160 2482 aperto EpistomioF aervasis D. dividit sese proportionaliter
159 2405 1814 2556 inter spatium vasis Ad. totus aer contentus in vat
151 2476 1940 2641 vase D. et  parte Tubi F fit unum, et dividitur
1958 2511 2043 2656 se
135 2554 1791 2713 uniformiter per totum spatiam DF; Quanto ergo
143 2636 1844 2793 majus est vas D. tanto minus tensionis necesse est partibus
143 2721 1783 2873 singulis obvenire, ergo  aer in FE.
119 2798 1894 2955 tensionem retinebit ene nullam. Quod si igitur Mercurius
93 2889 1692 3056 BE.tensione funiculi suspensus est, tanto plus
141 2987 1719 3131 ipsius delabetur quanto minor reddita est tensio
114 3070 1740 3216 seu quanto vas D. est majus. Quod si non eveniet
106 3152 1761 3307 pro certo habendum est non a tensione aeris interni
106 3251 1679 3397 sed a pressione externi Mercurium suspensum teneri.
114 3344 1889 3480 sui eveniet, funiculum et pressionem aeris conciorrere
114 3432 534 3565 putandum est
234 3503 1716 3642 Experim. II. Sumatur Elaterium quodcunque (ut
130 3626 1743 3770 est lamina ferrea) quod se restituens circumagat
159 3724 1981 3844 rotam A. et rota aA. circumagendo allevet communicantem
162 3815 1639 3929 Embolum bc. cui chorda ab communicat n
1681 3807 1961 3895 chorda cAB.
154 3903 1628 4030 i Tubo de. exacte adaptatum. Notetur locus
162 3985 1687 4110 in quem Embolus totius Elaterii restitutione elevatur
151 4070 1644 4198 qui ponatur esse c.Embolus ergo
149 4150 1663 4267 usque ad c. ascendens onereturpondere
135 4238 1673 4347 columnae fg sive ea sit sicca, sive
154 4320 1644 4429 ex liquore in tubum infuso constet. Quae tantae
146 4387 1655 4504 sit gravitatis, utEmbolum
157 4451 1964 4586 deprimendo praecise deprimat descendat infra f. seu ut
1902 276 2299 373 flicet gravenis
1977 355 2669 489 pondere totius massae
2517 1929 3214 2061 penctus firma deonsio
2087 2019 3089 2125 Nec experimenta ad eosconvincendos
2077 2096 3127 2205 sifficiunt, quibus ostensum est aere
2151 2173 3241 2277 compressem. Enum Vicacurm
2209 2237 3169 2338 esse altiorem; quia ex eorum
2251 2312 3132 2418 Hypothesi aer non patitur vim
2256 2391 3174 2506 compressionis sed ten
2222 2461 3156 2578 sionis, et aerem in sclopeto
2227 2538 3174 2644 ventaneo compressum non sua
2211 2610 3119 2713 sponte sed  cincumjacente
2235 2676 3188 2793 extrahente, (quippe tautundem
2230 2751 3100 2852 tenso; quantum ille pressus
2206 2817 3108 2923 erumpere. Et ideo aerep
2216 2884 3164 3003 compresso Mercurium esse altius
2214 2966 3164 3083 suspensum, quia aer compressus
2230 3030 3164 3142 sit in effectu minus tensus quam
2219 3112 3121 3216 ordinarius ac proinde minus
2222 3179 3206 3275 attrahatqUnde aer interuu
2248 3243 3166 3360 tensus ad se trahens plus efficit
2232 3315 3156 3421 Haec illi quae nondum satis
2235 3386 3137 3522 firma demonstratione convicta
2246 3469 2445 3552 sunt
