3415 2603
496 23 1699 105 is locus est linea recta. Et cum ex duobus punctis assumtis determinato sit haei
491 67 1635 156 recta, in quam illa ipsa puncta cadant, patat vicissim quibuscunque duobus in
487 114 1643 206 recta punctis assumtis caetera omnia esse determinata. patet et hinc
487 159 1685 260 rectam omnem rectae similem esse,  cum ex modo determinanti
488 199 1693 338 nulla appareat diversitas; et si duo puncta congruant coincidant
486 264 1672 393 rectas coincidere. Itaque duae rectae non nisi in duolus se punctos
499 351 1368 449 secare possunt; nec possunt habere segmentum commune:
523 378 1646 494 At circuli se secare possunt in duobus punctis non tanen in pluribus
510 432 1651 549 iaque non nisi duo dantur puncta in plano ad rectam vel duo puncta
500 488 1660 598 rota sese habentia eodem modo. Hinc etiam videtur ostendi posse
494 545 1686 643 omnia puncta in recta esse sin ad rectam situs unica, semper enim punctum
501 581 1625 698 mi polerit quod eadem in plano quod sit eodem mode si non est satus qui
499 627 1653 744 ergo bis seu in duabus partibus plani habebimus ergo tria sullem punctum
519 666 1670 796 ejusdem sibus ui in rectae, altem reliqua extra tectam. sed absurdu est
1528 717 1552 779 s
526 730 1520 851 puncto in vecta et extra recto ejusdem ec sits ud rectam
566 773 1615 895 sed egrediamur tandem ex his Minutiis, et assumamus has
1411 828 1436 869 n
527 831 1627 952 propositiones rectam esse locum punctorum sui ad dat puncta situs
527 889 1638 996 unicorum, et mobile in quod in plano est, in eo esse
525 941 1686 1054 mobile uno puncto quiescente; seu dari circuli circumferentiam.
244 2435 843 2490 COTTFRED VNILHIEIM LEIBNHIZ BIBLIOTHIEK
2755 2454 3213 2494 Signatur: LN 3S, 1, 14, 1208I-104V
2 2481 24 2550 c
244 2498 851 2542 NIEDERSACHSISCHELANDESBIBLIOTHEK
3086 2111 3185 2238 2)
