4788 4175
127 301 1106 477 Planum est sectio spatii utrinque se
46 396 1180 558 habens eodem mobo. Spatium sit S. Sectio
665 494 821 593 rit X
76 556 392 637 D. seqmenta
1347 498 2333 649 sita inter se et ad  eodem modo sita inter se
64 450 2333 688 itaques latis quotcunque locis abuna parte, dantur tondem ab altera congua prioribus ab ulter parte, eodam mar
1387 589 1817 723 et ad planum
52 579 1134 765 sitiu Dato puncto quacunq ab uno ladere
69 642 1173 844 plani, datur aliud conga ab alter. latere
90 717 1280 909 Cadem modo ad planum se habens. Nam quia
92 790 1162 1002 X P ~ V. P sit punctum datum A- in X
791 906 1009 1002 V. V
71 918 737 1083 et Hinc X X. P
109 971 1164 1164 id est si quoddam X sit A, Dabitur quoddam
120 1043 1197 1231 1 quod sit B tale ut st X. A F ~VV. B P
679 1166 1083 1264 A. F ~ B. B
109 1192 468 1354 (1g:
148 1250 1164 1433 Datis quoternque tocis ab una parte
649 1345 723 1424 oca
807 1319 1273 1456 iltera congmenter
90 1359 795 1516 dater dantur totidem ab
92 1400 1111 1584 se habentia inter de et ad ilam u
109 1486 844 1651 priora habet ex definitione
150 1523 1166 1718 si duo loca porrigantur ab uno latere
83 1595 1141 1788 in alterum, haveantque se utrinque eidam
90 1751 269 1848 modo
125 1774 1166 1955 Letas eodem modo se habens
76 1878 997 2038 c ad duo puncta est planum
120 1950 1199 2113 si duo Loci p a punctas  versus planum
76 2004 1245 2180 se ha persus planum utrinque se habeant eode
102 2082 1159 2263 mode, sibique occurrant, sectio ambituum
113 2154 1222 2335 cadet in planum. ut si duae spherae aequales
81 2235 1222 2407 describuntur circa duo puncta isepsectio super–
90 2317 1257 2472 ficierum cadet in planum. ita si duo coni enit
102 2368 1222 2523 tantur ex duobus punctis tanquam verticibus
74 2433 1199 2586 et eodem modo reterminentur coni ex punctis
81 2488 1208 2662 plno s iisdem in plano sumtis inter secoo
78 2551 1206 2718 superficierum contarum eadet in planum. Et
78 2646 795 2781 omissa meatione omissis d
153 2669 1180 2843 fComissis duobus punctis Htruique ad planum
64 2732 1278 2903 Se eodem modo habentibus) si sint dua duo Loci a
62 2797 1264 2943 eodem modo si si ab utraque coni plani partesit locus
57 2848 1264 3024 auboque eodem modo ex plano determinentur, fectio
55 2910 1203 3082 occurrantque vibi et occurrant i secti ambituum
92 2957 1236 3135 idest lincarum si loci sint superficias, superficie.
64 3026 1194 3198 Si sut solida) eadet in plaram. Nequs enum
60 3082 1201 3261 in eiterutram plani partem calere potast, quoi
48 3168 1164 3326 atrinque eodem modo se habet atqu retermineta
190 3235 1273 3404 Punctum quod sei soueniq est ad puncta
46 3319 1187 3481 a quot cunque n prano sita cadit in planum.
64 3363 1568 3562 Neque eniu cadere posest in alterutram partem exra planem
92 3432 1428 3625 quins ab alcera, compar ipsi detur, ince sunsitus
146 3553 605 3674 ncum no foret
1431 315 2173 408 Figura autem plana est, qua
1452 336 2294 475 superficies quae in planum cadit
1238 1206 1957 1324 modo habentium esse planum
2531 30 3137 139 Recta interminata est
2507 120 2990 207 ntra
2500 146 3514 280 trecta est sectio plani utinque se
2410 229 3509 361 hales eedem mode, et hnea quae in eam
2394 301 3175 428 sectionem cadit recta est.
3205 287 3509 396 planum
2412 361 3509 514 sit P. segenda sectio R. segmenta
2667 433 3764 575 erit X. P N V. F. erit R recta nterminat
2410 449 4718 633 S FG sgdens in p erit recta. unde intelligitur pectam nec corcavum nec converum hatere latus, sed mvam
3693 512 4720 581 ujus scilicet latera di qulintur, unumq et plus st en
2507 538 3523 674 itaque datis, quotcunque punctis aut locis ab
4233 524 4725 605 ab una latere quam ab alter
4235 577 4688 647 cceteris partg. ita FHZ
2414 591 3569 749 una parte datur totidem congrua prioribus ab
4235 623 4727 723 plus aufert a latere dexta
2426 674 3493 814 altera, eodem modo sita inter se et ad
4233 672 4718 783 superiore F() G plus
4235 742 4518 826 ab inferiore
2438 756 3124 897 rectam. Et multo magis
2505 832 3549 969 St dato puncto A ab mo latere plani
2431 913 3567 1050 rectae in plano, dabitur aliud punctum B
2419 969 3509 1131 aliud B ab altero latere ejusdem recta
2410 1034 3630 1213 in eodem plano, quod eodem modo se habeat
2417 1122 3519 1289 ad rectam. itaque RA ~ R.B. et
2426 1196 3647 1370 sunto in R quocunque puncto R, erit RA = R. B
2445 1289 3377 1435 Haec in curva fier non possunt
2888 1366 2922 1431 d
2496 1340 3565 1503 vstendendum erit suo loco omne planum
3289 1396 3370 1477 not
2417 1395 3838 1600 punctum plani eedem mod situm ad Ae duo quaedam
2586 1479 2632 1537 i
2818 1431 3131 1528 ut r omu
3256 1463 3723 1570 eam nempe quae sic
2419 1521 3591 1688 Lpuncta cadereiu, rectam, ext eodem
2416 1579 3546 1752 modo ad  puncta fita seu Rectam
2424 1649 3607 1830 esse licum omnium punctorum sitas ad duo
2438 1727 3565 1911 quaedam puncto habentium cong eodem
2449 1839 3291 1971 modo ad duo puncta sitorum
2498 1899 3521 2078 in plano punctum sui ad quotcunque
2442 1985 3637 2166 puncta rectae situs unicum, cadit in rectam
2438 2059 3656 2252 Nam si in rectam non cadit, eadet in ae
2438 2124 3574 2319 alteram partem ergo ab altera parte
2435 2196 3556 2389 dabitur ei  punctum compar. Non
3164 2289 3444 2372 empe
2438 2331 3124 2472 est ergo unicum inplanoctio
2489 2351 3546 2525 sit punctum DCquod debet esse unicum
2440 2428 3507 2611 sui situs ad ABC puncta rectae, dico
2438 2495 3646 2685 d cadere in ipsaruem Alioqui cadet in alterutum
2486 2567 3578 2753 itu ut D. sed pari pre ratihne cadet in
2500 2648 3559 2834 erum latus ( d) quia recta ab utroque
2442 2748 3521 2910 letere se habet eodem modo. Ergo
2445 2790 3952 2994 d. non est unicurm, cum habeat compar 1d) contra nyp. itaque
2445 2873 3644 3068 ergo  nempe extra rectam sumi non potest
2509 2954 3655 3159 On itaque punctum sui ad duo puncta
2440 3026 3744 3233 A, B, situs unicum cadit in rectam per A, B
2519 3124 3628 3307 taque si recta data sit AB et
2416 3196 3646 3397 et punctum C vel (C) sui ad duo puntia
2458 3272 3762 3467 in recta A, B, situs unicum, id punctum
2458 3342 3788 3534 eadit in rectam.  Alioqui si in eodem
2468 3418 3711 3616 plano est caret in atterutrum latus ergo in altero
2477 3486 3739 3667 habebit punctum compar. itaque non est unicura quod si
2456 3558 3753 3731 dcus nae Debet autem in eodeme Est autem in eodem
2451 3555 4191 3799 sse plano cum recta, quia sep cum sit unicam ad duo puncta rectae, erit
2695 3606 4331 3814 onetu an aipa pans radet in ex term o
2695 3678 4200 3814 nma tonem sumta ostensam cadit in planum
1359 2507 2264 2637 Hunc sphaeris aequalibus ex dugu
1364 2539 2354 2697 punctis datis descratis  als
1394 2588 2319 2753 se attiagere possint, superferes
1394 2678 2305 2822 se scrubt pruno co
1394 2716 2315 2892 modo se habeate ad duo puncta
1380 2811 2291 2968 itaque planum est locus punctorum
2120 2848 2271 2934 duo
1366 2892 2048 3017 eodem modo se habentium.
1373 2894 2354 3096 data puncta. Has intersectiones
1456 2973 2308 3124 esse circulos sud loco patetit.
1424 3024 2375 3193 et ia per i finites cum perera
1442 3068 2384 3247 inflatricarum ductus ex duobus punctis
1438 3140 2361 3300 descubetur planum ci spheram
1635 3182 2377 3335 descriptio intelligi test, une
1656 3265 2370 3407 recta muota exigcuum mina
2210 3312 2261 3404 s
1674 3353 2145 3474 nc es fixam
1663 3381 2336 3537 hic est eodem ode ptux
2057 3449 2303 3558 asscinet
1705 3527 1995 3620 esse quoo
1767 3509 2366 3715 1 a ests aequi diptare
347 3950 1176 4017 COTTFRED UILHEIM LEIBNVIZ BIBLIOTHEK
4168 3963 4597 4017 Sionatur: Lt 3S. 1. 3. (34)- 17V
338 4021 1169 4089 NIEDERSACHSISCHE LRNDESBIBLIOTHIEI
3671 2061 3739 2148 i
3853 1224 4421 1342 xLoc_ quoque ab utraque
3911 1289 4382 1407 parterectae eodem
3925 1347 4451 1445 modo se satem habentes
3925 1405 4446 1512 si satis producti squl
3908 1472 4402 1567 e secabunt in recte
3857 1505 4460 1637 Et loca, ex ducbus punctis
3855 1593 4486 1704 eodem mido descripti v.g.
3862 1656 4358 1769 Circuli aequale se
3850 1702 4530 1823 secabunt in recta eodem
3869 1779 4477 1892 modo ad duo puncta
3862 1857 4189 1941 C habente
3732 1864 4699 2006 finc datis ob punctis AB, describi
4511 1957 4709 2041 pecirul
3725 1927 4667 2052 per puncta potest recta A se eodem
3771 2001 4189 2089 eb habens ad A e
4356 2008 4702 2089 srbantur
3834 2052 4184 2129 atet ex scti
3709 2064 4611 2188 i
3927 2267 4623 2386 uncta puim intersectionis
3925 2340 4632 2451 erunt in recta quopta
3848 2386 4641 2521 circulona de scriplio fieri pe
3857 2460 4695 2586 non po supposita recta si quid
3841 2532 4653 2655 vis contimun in plano existens
3927 2590 4688 2697 ono puncto immoto oveacu
3932 2644 4690 2741 via alterius alicuius ceorentus erit
4000 2706 4704 2836 Et hoc est eodem modo sit
4047 2760 4097 2886 a
4507 1581 4690 1667 onaque
4551 1639 4642 1737 es
4455 3418 4567 3514 23
