4797 4086
164 173 1153 301 infinita esse possunt puncta X ejusdem
99 245 1139 356 ses ad idem punctum A seu
83 308 1362 442 a pato situ duorum punctorum detoque alterutrus
93 381 1278 524 A (seu ejus loco) non deo determinatum est
97 467 1203 597 alterum X _ vel quod eodem redit
93 537 1196 681 in continuo LY AB uno puncto A.
97 615 1314 744 immoto moventur continuum meveri potest
93 685 1307 812 et diversis sinis et in eo punctum B, quod
108 746 1282 885 diversis sis sitibus  diversa incidet
95 826 1259 973 puncta X, quorum quod vet eodem modo
88 923 547 1023 Situm erit ad A
172 948 1314 1105 tocas omnium X sic vesi mota descriptus
81 1064 435 1182 vocetur X
161 1080 1221 1239 si locus X mota puncti B, immoto A
77 1169 1278 1316 descriptus quantumque satis circum circa conti
59 1234 1246 1382 nuatus solido fit materialis, et ipse
61 1312 1253 1464 moventur immodo A, poterit effici ut omne
52 1357 1366 1550 punctum  eodem modo situ de motu suo describat
81 1421 1498 1623 locum poterit motus ita institui ut locus compretendat
72 1511 1166 1682 omnia puncta eodem modo sita ad A
152 1577 1235 1743 Locus omnium punctorum eodem modo
49 1661 1262 1813 sitorum ad A, ut B situm est ad A, dicetur
74 1736 1189 1902 s superficies sphaera. Exposuimus
49 1822 1207 1968 autem paulo ante modum eam es aivendi
47 1884 1164 2047 nll. licet circulo adhibito. Sufficit enim
43 1956 1273 2115 uno contini puncto humoto, moveri continuum
52 2008 1312 2201 quantumvis et et puncto B, describet lineam X
54 2097 1237 2270 Haec linea si ipsa fiat materialis et puncto A
52 2172 1203 2331 Connectatur eoque immoto moveatur, jam
39 2210 1348 2410 superficiem sphaericam describet, et totam quidem
49 2290 1298 2487 Si ipstiglinea satis circa A motu prius fuerit,
49 2360 1371 2569 satit adeoque linea X satis amplitudinis acquisipris.
145 2469 1315 2664 Sit Y. A ~ B. A erit Y super ficies
47 2624 304 2744 spha
136 2678 1187 2823 sin duae superficies sphaercae congruae
40 2733 1182 2903 sunt si congruant situs puncti n_ immoti pt
54 2805 1223 2953 moti, sequ situs centri et alicujus pncti extram
68 2926 601 3034 in superficie sumti
626 2871 1210 3000 Aphaera una Y
65 2914 1800 3121 posito. Y. A ~ B. A. sphaera altera Z poposito Z. L V M. L
77 3028 1182 3196 grodsi M.L ~ B. A erit Y. A ~ Z. L
68 3103 1241 3271 et erit Y V 7. tum nallum sit dit omnia
74 3157 1332 3343 congruant quibus determinatur V cum ijs quibus
70 3296 503 3389 determinatur
186 3316 1207 3468 sint duci sphaericae superficies congruae
70 3395 1421 3552 si 1A r a ett cote a tm
11 3452 1947 3616 et B. A 2 M. L et sit V in Y et sit V sectio ipsium Y et Z communis
15 3494 2252 3687 id est omn. Y sit qu. Y et omne Vheu.x, side quod idem est V in Y et V in Z: sectro eode
290 3570 2306 3711 modo se habetit ad sphaerarum centra seu pul V. A ~ V. L. pata
1516 3647 1882 3718 construaione
1380 1697 2127 1811 F et si. snc punctum, jasdem
1407 1761 2354 1875 sitas ad A vocetur Y, superficies
1421 1827 2154 1945 Spharica doesigretur per
1473 1893 2252 2002 habebitur haec  relatio
1482 1963 2397 2081 sit Y. A = B. A. 1 Y duetur
1489 2049 2297 2179 superficies spaerae. punctumque
1514 2113 2181 2238 immotum dicetur centrum
2819 72 3779 195 superficierum spersisplancatum aequalium
2558 127 3539 281 Si duae sphaera Congruaerum sectianis
2483 220 3627 360 ct qodvis unum eodem modo situm est
2479 304 3596 431 ad duo contra, ut aliud ejusdem sectionis
2481 372 3732 517 pr actum quodvis. Iisdem quae prius positis
2490 444 3920 592 sit quodd. V sit C. dico fore V. A. B N C. A. B
2501 528 4417 669 Nam V. A ~C. A. (qu+a V est qu. Y. et C eAt qua  C quia qu. V e qu. Y
2494 624 3689 740 jam Y. A ~ (V). A.) Et V. B ~ B C. B.
2481 685 3991 839 (quia eodem modo  V  qu. Z et C quia qu. V es jn Z
2485 787 4004 908 Hinc ex natura congrientis est V. A. B~ c. A. B
2494 853 3625 991 Hinc patet sunc propoptionem veram esse.
2485 919 3378 1066 etsiduae sphaers non sunt aequales
2592 969 3702 1139 statet etiam sectionem duarum super
2481 1051 3627 1218 ficierum spraericarum, se mpla planus
2551 1116 3747 1282 quanquam, id demonstrari possit et si sphaerae
2465 1207 3611 1371 non suit aequales sed aliunde. ubi scilicet
2510 1287 3661 1441 endetur diaum sphaericam superfiiem
2513 1366 3550 1514 sectionem communem esse corculum
2490 1432 3262 1582 circumferentiam circul
2576 1473 3498 1636 si duobus punctis A et L immotis
2454 1552 3432 1707 punctum _ iis connexum desabet
2474 1634 3446 1756 licum A  qui eut intersatio
2474 1707 3542 1834 duarum sphaeracaram superfaerem
2483 1884 3711 2043 tinc exeo quod uo lecodicimus rectam
2448 1977 3614 2140 esse locum punctorum deterninatorium
2448 2067 3600 2226 per eno puncta ut L et M, segi tur
2454 2129 3752 2299 intersectionem duarum superficierum sphae
2449 2217 3648 2374 ricarum nempe circulum eodem modo se
2458 2279 3816 2456 habere ad rectam per A et L transeunde
2456 2365 3745 2558 punctumque in rectasumtum, ad quodvis
2451 2449 3779 2640 punctum intersectionis seu circuli eoder modo
2470 2587 2851 2726 Re habebit.
2519 2590 3648 2801 Hinc recta eodem modo se habebit ad
2460 2678 3991 2901 quodvis extubus punctis in Circuloseretitia smitis
2531 2780 3661 2953 ostenderur suo loco rectam ad planum
2460 2851 3621 3037 circuli sc normalea in et centro circulo
2522 2926 3566 3123 et trra circulo dato proinde dari
2465 2960 3922 3212 rectam eodem mode cujus punctum datum assignatu
2454 3030 4288 3291 eodemmodo se habeat ad quodvis punctum circiliferntiae circu
2506 3137 3897 3361 Et quia suo loco apparebit circulum determinam
2460 3232 3652 3450 datis in ej. cumferentrabubus punctis
2499 3300 3866 3545 patebit tribus punctis patis dan rectam
2492 3393 3816 3632 cuus quoddis punctum eidem modo se habea
2531 3513 3351 3715 ad quodvis puncta ex tribus
1244 2440 2170 2578 Quia Y. A ~ B. A e = B. et B. A-
2218 2442 2311 2549 B. A
1300 2510 2193 2633 erit B qu ipsum B ert quo dam Y
1300 2571 2308 2710 et si _ alterum Y vocefu Y)
1323 2653 1816 2777 erit Y. A ~ (Y) A
1242 3343 2106 3456 X posito Z. L 2 M. L; adinque 1
1952 3295 2036 3364 et
1242 3330 1373 3407 ax=
1820 3016 2401 3147 cum in determinand
1866 3103 2308 3205 sedeu do se
1888 3209 2338 3282 habea titL
351 3861 1173 3929 GOTTFREDVVILHELM LEIBTIIZ BIBLIOTHER
4161 3870 4597 3929 Signatur: LH 3S. 1. 3. (A2). 2IV
342 3936 1182 4002 NIEDERSACHSISCHE LANDESBIBLIOTHEN
3811 1024 4247 1141 + con aequalium
3810 1105 4270 1218 seu congruaum
3851 2215 4440 2306 quor, suo sece
4429 3434 4565 3545 22
