3293 4773
1058 95 1233 169 merito
177 127 1822 286 e ute Mirabitur aliquis, cur ex tot phaenomenis
153 243 1906 381 aeris gravitati ascriptis solum Baroscopium ei vere tribuatur
124 318 1700 477 hujus reicausam rationem ut scrutemur profundius
132 405 1878 554 experimentis quibusdam ni nevis paranda est via. Sumatur
148 490 1828 633 Tubus Torricellianus vasi stagnanti subjecto eximatur
156 580 1748 729 constat eum non ideo effluere. prolongetur Tubus sio
164 668 1767 811 id est vel alius Tubus utrinque Tubo alio utrinque aperto
161 753 1684 893 ad orificium prioris apertum exacte accommodato
172 829 1828 989 necesse est non suspensum in Tubo manere Mercurium
151 933 1677 1079 inter duos aeres Tubi superiorem et inferiorem
143 1028 1743 1172 quod erit qui non minuqum Baroscopium commune
145 1092 1769 1246 aeris gravitate variante nunq ascendet, non descendet
151 1182 1424 1341 Ergo si Tubus Torricellianus non sit totus
164 1270 1708 1415 Constet in Baroscopio ordinario Tabum L aqua Mercurio
1796 1294 1852 1397 s
135 1365 1692 1498 repteri,at vero tentemus quid futurum sit si Tubus
140 1431 1743 1585 nonsit Mercurio plenus. Ajo futurum esse, ut Mercurius
153 1514 1655 1636 altius solito psu maneat considerandum est
135 1598 1807 1723 Mercurium e Tubo descendetTorricelliano inverso
153 1667 1608 1797 in vas subjectum descendentem duo superare, primo
132 1736 1663 1882 pressionem atmosphaeraecontraponderantis, deinde
137 1832 1694 1951 pressionem repugnantiam aeris ad difformitatem
145 1901 1698 2017 een aer in Tubo dilata vel qui enim
145 1970 1671 2100 in Tubi cpcaparitate relictus dilatatus seu tensus est,
151 2047 1690 2182 quod ita sentiri potest, si formen in vesica qua
151 2113 1677 2256 obligari potuit aperiatur, aer enim externus irrumpet.
148 2206 1677 2325 Ergo aer extra tubum erit tantundem compressus et
159 2285 1690 2410 quanto altior Tubus est, tanto major erit aeris
124 2365 1714 2489 interni dilatatio quippe majus spatium occupantis,
127 2447 1663 2553 et proinde tanto major aeris externi compressio
130 2521 1661 2643 quippe vecupantis spatium tanto minus. At
151 2603 1645 2715 cur ergo Mercurius non magis suspenditur in Tubo
145 2680 1613 2794 altiored.i seu cup semper intra 30
140 2749 1541 2871 circiter pollices consistit ejus altitudo? Dicam
156 2826 1608 2953 quia omnis ille conatu funiculi Tubus fuit
151 2900 1584 3028 plenus, ergo quanto est altior tanto etiam plus
143 2980 1613 3102 Mercurii ei infuit, et ex eo effluxit; Mercurius
140 3046 1857 3179 autem qui effluxit in vas subjectum hanc difformitatem
148 3126 1647 3253 tensionis seu aeris inclisi si in Tubo relicti
159 3211 2059 3335 dilatationem procuravit. Duplicata Tubi capacitate et alttudine
167 3272 1626 3407 duplicatus etiam fuit Mercurius ac proinde idem
175 3362 1682 3486 evenire necesse est in Tubis altioribus et brevioribus
201 3441 1634 3561 quia repugnantiam aeris ad difformntatem.
183 3516 1581 3635 Mercurii in vas subjectum ex Tubo dilapsi
167 3600 1679 3707 pondus vicit. Hinc Funiculo vis seu dilatationis
169 3669 1581 3791 inclusi in Tubo aeris nihil agit
156 3744 1610 3850 in Mercurium in Barospio pendeutem: Quia
140 3821 1578 3924 a pondere Mercurii delapsi dilatantis destructa
135 3889 1533 4006 victaque est. Sed tantum Mercurii quantum
135 3961 334 4075 tatius
429 3958 1570 4072 pEt si vero At vero tota a
132 4038 1525 4160 aeris gravi Quare nec aeris externi extra
132 4112 1544 4221 rtantum compressi, quantum relictus in Tubo
135 4179 1562 4298 est dilatatus, Elaterium tanto majus quanto
132 4253 1679 4369 Tubus est altior, agit in Mercurium residuum suspensum,
164 4327 1884 4441 quia Mercurius jam delapsus huic Elaterio aequiponderat.
228 4401 1642 4518 sola ergo gravitas massae atmo sphaerae
2093 4422 2388 4502 se in se
236 4465 2473 4624 in aere Ergo compressio sed gravitas, (quae rei pressae dilatataeque seadem manet)
1950 2531 3046 2643 B. modus admittendi aeris, auferendius
2093 2601 2990 2755 Experimernto ici Tubi altioris
2275 2755 3157 2914 Evacnetur od ex Tubo superiore
1666 4141 2795 4279 deflugu reliqui Mercurii procuratum, et
1727 1824 3088 1927 seu ad tensionem intra Tubum, et compressionem
1727 1890 2688 2004 compensantem extra Tubum
