3293 4773
116 84 1698 243 in aqua sparsae collidantur, aut inter concussionem
108 169 1658 320 rimas communicationis inveniant ad se colligendum
111 257 1629 421 potest etiam ictus tubo impactus ex ipsisejus
108 334 1647 471 lateribus excutere aeris nonnihil unde bulla generetur.
116 418 1684 586 Cur Experim. 3. spiritus vini plus bullarum promtius
130 522 1642 676 bullis purgetur alia quaestios est caeterae Experim. 3.
116 596 1626 771 circumstantiae ex dictis patent. Cur Experim. +
124 707 1743 853 bulla resorbeatur, ubi primum ratio ejus exprimendae
122 800 1600 954 cessavit per se patet. De Experimento 5. et 6.
98 880 1708 1050 duarum Tabulamm politarum, siphonis item
82 991 1610 1156 iniquicruri, jam dictum est, cur necessario in
68 1076 1491 1238 in Recipiente exhausto non minus evenerit.
206 1190 1780 1357 Nunc alia experimenta proponam quae sentetium
95 1301 1778 1458 meam plane quorum eventum nova nec hactenus
127 1386 1801 1545 sumta lucem tamen huic argumento insignem
116 1500 865 1628 ut spero allatura.
926 1469 2000 1606 Et primammodum generalem
119 1559 1812 1715 proponam cujus opeMotus varii in Recipiente
127 1630 1820 1805 Magdeburgico procurari possunt ita ut eum
167 1726 1730 1880 concuti, aut aperiri, aut magnetem necesse non sit.
127 1816 1780 1975 Cum aqua ex Tubo  in vas subjectum descendat
124 1903 1740 2070 pro portione aerisexhauti, hinc fit ut vas
122 1986 1844 2161 subjectum magis magisque impleatur, ac per consequens
135 2073 1793 2240 corpus in eo natans assurgat. potest autem illidendo
137 2142 1870 2320 surgendo alia corpora movere aut suspensa Elateria
119 2211 1911 2399 ponderave attactu liberare ad effectus varios a nobis designatos
130 2304 1846 2460 producendos. Hociam ad effectum antliae in Recipiente
124 2383 1828 2553 exhausto praestandum ita applicetur. Esto pondus E. lavi
140 2460 1945 2622 corporis d assurgentis attactu a fulcimento f. liberandum
122 2532 2526 2712 hoc labendo embolum gh. antliae gi. extrahet, aquamque aere scilicet purgatam
145 2611 1957 2781 ex hi in gh. attollet. Quod si fiet, ut ego quidem
151 2704 1873 2885 futurum esse praedicere ausim jam non erit dubitan–
143 2794 1862 2964 dum ab aeris pressionem quae in Baroscopio sentitur
169 2869 1785 3054 antliae effectum non pendere, quod hactenus tamen
132 2956 1894 3123 non pascalio tantum, sed et multis aliis nostri temporis
127 3041 1883 3219 phulosophis indubitatum videbatur. Cum enim calculum
127 3110 1862 3290 aquam per antliam attollendae, cum lea elevabilem
114 3184 1891 3362 ejusdem circiter ponderis esse cum Mercurio
124 3253 1767 3447 in Baroscopio suspenso; assumtam scilicet aequali
127 3322 2279 3516 tuborum seu quod idem est eam esse rationem altitudinis aquae in antia
132 3407 1761 3603 (32 pedum) ad altitudinem Mercurii (27 pollicum) in
127 3476 1885 3680 baroscopio quae est gravitatis Mercurii specificae
119 3553 1878 3749 ad gravitatem aquae specificam se circiter ut 14. ad 1.
130 3622 1836 3810 Jam non dubitabant ut Baroscopii, ita e anlliae effectus.
124 3704 1854 3900 in aere exhausto vacuove cessaturos, in qua tamenre
119 3797 1830 3974 eos opinio fefellit. Nam cum sipho iniquicrurus (in quo
137 3855 1775 4054 aqua cruris majoris emboli extracti loco haberi
140 3921 1945 4123 potest ad aquam cruris majoris elevandam) effectum
127 4009 2011 4194 suum in valuo praestet, idem de antliat non erit dubitandum
151 4110 1804 4282 Eodem modo fiat Experimentum, an tanto pondere opus.
148 4181 1904 4375 sit ad duas laminas divellendas quanto opus est inpleno–
169 4263 1820 4433 suspendatur scilicet pondus E. dum attactu corporis D.
246 4338 1865 4499 liberatum laminas lm. divellat. Arbitror discrimen
233 4418 2427 4590 dia rem pertinens fore nullum, et s quod faturum est abculis fore
252 4489 2343 4664 causa, ut quod pundus omne in vacuo plus ponderat quam inpleno, similidusqe
1908 1572 2157 1697 Experim.
1926 1646 1974 1697 l
1920 1760 2340 1883 liquorve alius
1947 2297 2268 2452 Experim. 6.
1963 2378 1979 2452 e
2059 3730 2239 3844 liquidi
2000 3799 2536 3928 proprio pondere
2130 3965 2680 4101 seu embolo solido
2043 4095 2324 4240 Experim. 7
1966 4327 2313 4415 +in summa
2703 4518 2863 4627 102
