2030 2536
256 118 506 200 ropositio
542 112 862 185 Theorema 5.
969 100 1230 178 libri primi
1267 95 1912 178 Eaclidis propositio sta
211 153 1970 263 demonstratur demonstratur per superpositionam praecedentem
179 214 1920 343 ope superpositionis demonstratam. Sed lipsa tamen immediate
194 274 1979 424 per superpositionem de monstrari potuisset, vid. sturm. Mathebos
210 335 1881 504 juvenilis como priore, in Geometria sect. 3. ยง. 8.
250 422 1986 570 dem ยง. 10. cum observans axioma 13 lib. 1. a multis
194 505 1956 664 nomine axiomatis indignum judicari conatur proposit
219 574 1966 721 27, 28 et 29 primi quae ab hoc axiomate dependent
200 649 1987 814 aliter demonstrare. Sed supponit aliquid ad huc demonstra
236 759 1184 880 dum. Nempe propositionem 2)
1232 728 1983 825 sic demonstrat, Quae ita
669 798 1944 924 habet: si in duas rectas lineas AB et cd
679 883 1910 990 alia transversa incidens EF, alternos angulos AEF
680 948 1976 1045 AFE aequales fecerit illae duae rectae eau t paris
847 1011 1150 1066 nmmu
1285 1005 1533 1046 madu
685 1020 1944 1121 AB et CD, erunt parallela. De monstratio.
609 1077 1976 1186 Ducatur ex F per E arcus EH, cujus sinus rectus erit perpen
600 1138 1987 1244 diculum EI et vicissim ex E per F arcus FG cum sinu recto
242 1248 1979 1358 adeoque et arcus EH et FG horum angulorum mensurae, aequales erunt et todum
599 1187 1956 1303 EK, quoniam ergo angulus EFH aequalis est angulo FEG
249 1297 1922 1430 sinus (per hypothesin) erunt etiam horum sinus. EI et FK aequales per
234 1344 1960 1489 consectarium num. 4 supra, adeoque lineae AB, et Cd aequidistantes
277 1396 1963 1556 quod erat dem. sed illud consectarium Haec ille, sed consectarium
284 1456 1979 1615 illud sine ulla ratiocinatione assumit cum quilibet radus quorumlibes
294 1508 1920 1669 circulorum aequali particularum, numero gandeant, quia magnus et
277 1562 1966 1724 parous eodem modo droidi possunt similes etiam esse sucus tan
269 1620 1956 1773 gentes, secantes, etc. adeoee aequalibus raiis arcubus aequalium
269 1669 1910 1832 circulorum aequales esse sinus. sed auclides a verum erjarvero
277 1825 362 1883 ha
386 1707 1936 1875 similium proportibnralitus non assumitur sed demonstratur ab
287 1761 1936 1948 Euclide, et reberet etiam etsi prolixius et tardius quam opus;
265 1813 1949 1996 itaque aliunde sua de haec derivare volurt. praeterea assumitur arcus
281 1866 1949 2040 esse mensuras angulorum quibus quod etiam probatione ndigebat
256 1917 1893 2097 apud Euclidem; denique autor non probcat quomodo ex eo quod lineae
882 2031 1040 2111 I et R
1079 1952 1970 2092 sequatur rectas, AB, Cd, ese paralle
263 2042 861 2162 Esi et Fx normales in
277 2020 1953 2207 as secundum definitio rem Euclidis id est productas utcanque nunquam
320 2066 1959 2240 nvenire. Accuratius ergo procedendam hoc modo. Ex dato EFD, uti pucta EF sunt
236 2104 1962 2288 data (D indefinitum) dutes EIrunica ex datis punctis E et F, et recta CD per F datur Ei unita
62 2285 101 2330 ad
250 2154 1924 2313 pex perpendieularis, et eodem modo ex datii punctis F et E et recta AB per E, datur FK unica ad A)
43 2207 1914 2368 perpendicularis, et peta aequalia qui delet essi aequalas quae FK Ed quae debet esse aequalis ipsi Et, cum ex conus congrui
618 2237 1928 2371 psi el, cum ex congruentibus eodem modo determinetur, nam EFD congruit ipsi FL
1003 2279 1931 2373 quod coincidit cum principio superpositionis, si EFB transferat
1337 2319 1904 2376 n FEAF adebque et 1 ii K. Habetus
138 2435 504 2471 COTTFRED NILHIEIM LEIBNIZ BIBIIOTHIEX
1412 2428 1824 2478 Sionatur: LH 36. 1. S. 11031. 52
131 2459 506 2502 NUIEOERSACtISISCHE LaDESBIBVOTHER
