4846 4197
692 184 2334 326 Duae rectae non habent segmentum commune
436 279 2336 459 Est axioma 10. lib 1. Eaclidis ut irdinavit clavius; Qui demonstratio
443 398 1114 549 nem exhibet ex proclo
615 424 2357 622 habeant si feri porest rectae AB, AC, partem communem Ad
620 508 2299 701 Ex centro D intervallo DA describatur circulis secars dum
599 582 2381 781 rectas propositas in punctis B e C et C er uut ergo duae circum te
508 655 2336 872 rentiae AB, et AB C inter se ae quales pars et tatum (cum ambae
527 715 2369 941 ut circumferentia semicircuiorum qualium cum ADB, et. ADC ponantur
601 916 872 997 diametri
1434 823 2313 988 et enm quoniam duae rectae
648 900 1359 1063 Hic non opus immorari
1613 941 1965 1049 mune, e
1914 948 2297 1063 si producantur
487 969 1494 1161 non possunt habere nisi unum punctum
690 1000 2357 1261 duae rectae in uno puncto concurrentes necessario se
453 1109 2346 1353 ein eo puncto inter secabunt. coean est axcom. X 1 lib. 1. Euclidis
559 1191 2336 1410 exordinatione llavus. qui ita demonstrat: coeant duae
569 1259 2278 1485 rectae AB, CB, in B, dico illas productas se mutuo secare in B
555 1343 2343 1543 nempe CB productam cadere in E supra AB producta In D.
562 1408 2341 1599 nam alioequi aut congr et incidet in Bd, et rectae AB, CB habetbunt sequ
562 1471 2334 1674 mentum commune, contra demonstratum, aut eadet B produora
573 1538 2388 1744 in F, ita ut BC sit infra AdD, seu eodem loco cum ab ea parte
550 1599 2376 1816 a qua est CB. entro igitur B descubatur circulus quo ibet intervallo
529 1648 2397 1904 secans rectas AB, CB productas in D. F. quia ergo utraque recta Aid, CBF
541 1727 2404 1956 pei centrum B transat eul tam ACd, quim ACF semi circulus adeoque aequa
517 1797 2411 2023 les eunt circumferenii A CFD et et CF ogut totum et ptar gondes
503 1977 972 2100 Quod est abturdum
627 1944 2353 2175 Brevius ACD  KDECE seu AC + CD = CD+ DE. Ergo AC-BE
1651 2023 2329 2152 CDC Et CE - Cd1
529 2098 1851 2250 ultra-B sed Acd = AC + CD HL hagenim esse potet AC.
538 2098 2411 2327 ergo AC +Cd = CD + DE. Ergo AC = DE non -D F id est  sumiti
1142 2243 1238 2308 -D
536 2275 1170 2406 E trans D, non F citra D.
1319 2156 2376 2340 in his bene an circumferentias vel
536 2245 2341 2480 infulos ad hubemus, quia non terminos spectamus rectarum, sed quo
522 2443 865 2539 dirigantur
711 2480 1611 2644 Anguli rectisunt aequales
538 2506 2418 2732 Est Axiom. 12 lib. 1. Euclidis ex numeratione Clavus ordinatione
535 2609 2390 2816 demonstratio procli apud claviam lagipotest; neo padicio brevior
531 2690 2383 2870 haec est. ex natura corculi huc redit. Sint ABC et DEF in ae quale
671 2763 2390 2923 et ABC major. transferatur. VEF in ABG ipsi jm ABC sit
671 2830 2348 2996 deinceps -ABH, et ipsi ABG sit deinceps et = AB1. jam ABG
645 2884 2322 3073 1 ABC ex hyp. Ergo ABC1)AB. et ideo ABHП) ABI totum parti
562 2944 2383 3129 nam per AX. X1. est i infra, H. et ideo AF ABli A totum ABH. spars
552 3019 2404 3196 sed brevius idem anguli R recti ABC, DEE aequales cinca Erescri-
627 3087 2353 3255 batur semicircutue u ipsis deinceps et aequales DE, ABC, DEL Et sem
622 3136 2426 3303 suit centris REdem circulares circum feren arcus CAH, FDL, erit abscin-
578 3194 2427 3352 det uterque angulus quart ABC, DEF qa dimidiam arcus semicircularis.
559 3238 2369 3406 quia qui deincep, alter cum aequalis sit abscindit alteram dimidiam ergo
569 3285 2374 3464 congruit anqus nteri angulus ABC, itemque DEF abscindit quartam anc
566 3343 2381 3513 circumferentiae circuli partem, itaque congruent inter se congrui erent
550 3418 2047 3581 a (cum es congruenter determinentur) adeoque et aequales
2897 131 4696 282 Axioma XII. lib. 1. eguo huclidisnumerando ex ord
2835 223 4666 375 natione Clavii suo loco demonstrabimis, quod et Clavus
2828 319 3782 463 alio differt. Agit ae parillelis
2985 377 4286 540 Duae rectae spatium non comsrehendun
2852 441 4657 624 est +X. 14. ex a dinatione Euclidis. Hoc suclides ex proclo
2839 540 4741 684 demonstrat prolixius. mita sed est methodo qua hactenus ex semiciri
2839 589 4671 757 scilicet, sic breviter demonstratur methodo semicirculi, ut hactenque comma
2856 659 4664 837 sint rectae ABC, AdC concurrentes in duobus punctis A et
2866 732 4727 897 centro C, intervallo CA des cribatur circulus secans ipsam ABC pro-
2838 795 4715 960 ductam inE, et ADC productam in F cum ergo ACC sit semidiam eter
2842 855 4717 1028 E ADF, itidem erunt AF et AFE semi circum ferentiae, et aeqrales
2803 909 4657 1095 pars toti. sed si quis dicat F et E coincidere huis objectioru occuera t
2821 969 4666 1163 a Clavius alio circulo descripto.  otasse brevius sic, nullo
2793 1037 4645 1217 alio circulo assumto, ponamus ABC continuatam et ADC continuatam
2798 1107 4710 1282 concurrere in F eod in circumferentiae puncto, bi secetur  semicircum
2789 1165 4710 1357 ferentia AG in AG in H, et jungatur HC erit ABC quarta pars eui
2796 1235 4654 1417 circuli nam eum angulus ADC sit ABCH in _ sit rectus er unt qua
2789 1291 4741 1485 deiness anguli aequales, adeoque congruent ACH et GCH. pari jure, etiam
2791 1357 4722 1564 ADC Haenit quarta pars circuli Ergo ABCHA et ADC1A ernt aequales
2796 1482 3603 1632 pars et totum quod est abs.
3693 1426 4650 1564 potuisset etiam hnec communis
2786 1492 4650 1685 utrique casui esse rabiocinatio, sive F et E differant sive coincidant, in as
2782 1552 4748 1755 centro C angulo ad A ad ABC recto Ducatur CH, quae occurret circumfe
2784 1620 4706 1816 rentiae in H, ita ut AH sit quarta ejus pars ergo et ABCHA erut quarta.
2775 1674 4736 1883 pars circulii eli pari ratione ADCHA, ergo aequales erunt inter se totum parto
2987 1867 4568 2047 seniamus jam a ipsas propositiones
2814 2030 3169 2133 Euclidea
2989 2005 4699 2191 1. lib. 1. prop. 1 super data recta termina h
2868 2098 4703 2271 rangulum aequilabeum conftruere in hujus problemalis
3908 2159 4708 2282 grau dalis euim punto
2852 2205 3782 2345 resolutione nihi est dificultatist.
2870 2219 4682 2396 + et B quaeritur punctum C crjus difantia ab A et a B sit
2849 2296 4654 2457 data ilaque eadet punctum in duos circulos dasos. Hi se secant quia
2863 2354 4657 2515 unqu Ut DB cadit intra alterum, quia transit per alterius centrum, seu
2845 2415 4736 2571 tamen cadit et extru alterum, quia ipso centro suo codie in ejus circum
2849 2480 4734 2632 terentiam. Hot demon strare quod cinuli se secent Enclides et intera
2889 2529 4764 2695 seneglexere, etiam cum in sullogituris redegere demonstrarioneL
2889 2590 4769 2767 prost. 2: ad datum punctum datae lineae rectae aequale rectam ponere
2849 2655 4794 2832 Hoc praestaremus orcino siumendo con ciccino, vel alia filo, vel alia ration
2833 2718 4762 2900 sumendo intervallum BC et Fransferendo ad. A. sed Enclides nullum sub
2827 2784 4741 2961 habet possulatum quiae rcredo Analypos causa voluit problema
2833 2853 4757 3038 hoc reducere ad postulatum simplicius. Videamus quo artificio id praestitu
2825 2907 4762 3103 neu analysin indagemus. Debet esse AG = BC. cum autem nihil praest
2848 2979 4764 3168 seu possit nisi s puncta connectantur junus utur A et C, si seu punctum
2861 3026 4785 3238 A cum alterubis rectae intae dacta recta AC. Et jam quaerendus modus
2840 3098 4699 3306 ipsi CB aequalem apponendi ad A, ut ad jam apposita est ad C.
2845 3164 4701 3373 jam ad C apposita est modis infinitis, ut plut centro Be d
2887 3220 4811 3429 radio CB desibendo circulum B crcumferentiam AE. quod si vel
2859 3294 4773 3488 uno horum modorum apponitur ipsi BC aeqralis ad A, habatur
2859 3362 4818 3541 quaesitum Assumatur quaecunus CE datur angulus AC, endem angulo
2842 3408 4799 3604 ad A apposilo, appo ducatur AF, et in ea prytucta quari debet G, ut
2854 3474 4778 3667 et AG CE. antipuea patct jam concursu rectarum EC, FA in D
2859 3523 4722 3721 haberi centum circuli, ut ita  intervallo DE descnbilus secabi (AF inG
2861 3572 4769 3771 usi summus constructione quan euplides non adhibust, appositione anguli; sad hullidet
2877 3635 4752 3808 eni elegautius ab plvit urco AC desabendo riangutum ae quilatem seu iloales AC
3110 3691 4775 3824 nde jam tatur centum 8. ondequm deapse dngulos aequale apporit
4146 3756 4169 3808 e
352 3970 1198 4033 COTTFRED VVILHIEII LEIBRIIZ BIBLIOTHIEK
4251 3982 4654 4038 Signatur: LH 35. 1. 3. (2I. 10
349 4045 1191 4110 NIEDERSACNSISCHE LANDESBIBLIOTHIER
4496 55 4589 123 de
