3531 4011
15 269 597 369 infinite parva, eta
55 374 555 443 pendam: nam et
82 434 577 523 itudine. At vero
31 496 234 563 titatem
28 525 633 670 aponit finite pardus
695 258 2815 392 Credideram olim ictu aliquo corporis quantulicunque corpus quantul umcunque non
657 309 2730 485 nihil moveri, quam sententiam nunc retracto Janque lad speculationem
655 416 1703 583 quandam redeo, olim a me intermissam:
708 483 2764 670 Credebam me naturam ictus plene tenere, sed nunc, neque me, neque alios in ea
2030 568 2307 639 temp q
670 572 2701 748 re satiffecisse invenio. Esto linea AB, in qua descenat corpus C. primo
691 641 2782 815 momento g ponde iusu primo, qui sit instar linee A AE, cp infinite
697 713 2790 882 parvae seu incipiat moveri, scomoat aget et quia quolibet momento
677 788 2741 962 tantundem novi impetus accipit, ideo impetus in fin temporis B. erit ad
708 860 2741 1042 impetam primum, Et linea AB ad lineam AE seu ad punctum. Ictum
711 918 2766 1134 ergo quem infere Galilaeus et post eum, quii rem magnam demonstrasse
809 980 2804 1194 in eo visus est Borellus ajunt esse infinitum. Ego vero ajo celri
711 1074 2744 1292 tatem esse infinitaus vires seu lictum quem inferat non esse nec ex
695 1127 2833 1374 dla ratione ex Hnpothesi explicari posse, cur corpus acceleratum fortius
708 1230 2766 1452 agat, quando altius lupsum setsi explicari possit peleritas motus.
711 1303 2744 1537 quod ita demonstro logitetur mmopingere corpus C. in dentem DF ex
744 1388 2753 1595 trachlea  F exeuntem, _ atque ita circumacta trochlea F circuma
769 1443 2770 1673 etrochleam G interadente fune FGH, atque ita et elevari pondus
795 1542 2777 1755 f. Jam ponc celeritutem corporis corpusH esse gravius corpore C.
773 1602 2790 1836 t ttamen,  ut expercentia docet ab eo altollii ulique si ea quaum
735 1686 2683 1907 ratuli hypothesis vera est, id tribuendum est celeritati corporis
717 1758 2826 1994 quae quod ejus ponderi oees compensat. Sed hic ecce incommod um ingens
757 1822 2813 2079 si natura  post impactum corpus e, descendit ad profundimtem
740 1911 2753 2170 quantulamcunque C D2, corpus cA, ascendet ad aequalem C, HK
737 2130 1016 2252 ascendem
1177 2001 2788 2206 absurdum autem est corpus aliquod  maj magis
791 2074 2855 2319 grave tantum ascendere, quantum necesse est ut minus grave tantunde
735 2145 2938 2415 descendat. Cum hac rade natura agat contra seipsam Non descendet
1576 2239 2748 2426 id est non descendet omnimo nec iula
751 2337 1538 2493 ergo corpus C usque ad 1,
735 2422 1312 2575 ratione attollet
1393 2339 2735 2533 db, cum + Di posita sit quantulacumque
753 2419 2793 2642 Nlondum ergo video cur corpus ab alto lapsum, aliud gravius
746 2506 2741 2727 in alio aliquantulam altitudinem attollat. Necesse est
769 2593 2775 2805 ergu rem, non a celeritate corporis aucta, etsi aucta sit, sev
697 2660 2815 2901 ab aucto sed huinc objectioni responderur, noturam magis deprimere
740 2747 2793 2961 coram leve sed fortiter conans, quam grave debiliter conans quia
722 2943 1132 3039 non est gravi
1174 2796 2768 2988 is sed c gravitat seu conatus qui considerari debet
740 2874 2730 3090 quare concludo celeritatem motus non augere restistentiam ab attritu.
751 2950 2750 3164 Redeo am ad contemplationem relaruum circum volvendamur corporum
749 3012 2797 3248 quae aliis innituntur, propellendorum. Eo  Ea ponamus in plano esse
755 3099 2775 3311 horizonti parallelo BC. esse corpus A. ad impellenti resistet attritu, qui a
755 3166 2773 3378 plami BC. seabrite oritur nec impelli potest, nisi vel abrasis resistentibus vel
735 3237 2766 3462 iinflexis, vel superatis.  jam impelle si abradenda sunt pabet variari difficul
724 3317 2746 3534 tatem pro corporis plani friabilitate; si supera inflectenda pro duritie, si superanda
728 3373 2819 3598 pro inaequalitate. Sed cum ista infinitas contineant varietates, ideo ut ad calculum
737 3445 2839 3661 res queat revocari facilius, considerabimus attritu, ut uniformem quandom causam,
715 3514 2790 3750 quae motum impediat, instar glutinis cujesdum, aut infinitorum in omnibus puunctis
757 3652 1970 3805 ponderum appensorum. Quius ita ja
2899 209 3274 316 V motu(2)
2880 309 3198 374 cogitate
2885 360 3259 484 confusanea
