5000 4396
474 127 2459 258 in plano id concipio utquorum ermini sunt puntes congru
415 217 2464 351 coincidentes, ipsa sunt similia congrua coincidentra, ita ut duo
395 295 2418 442 plana solis terminis distinguantur, Quod etiam de duobrus su
385 378 2361 515 de solido verum est, sed non verum est de superficie non plana
564 459 2469 578 si planum secemus, utriaque eodem modo inta ut seclio se habent
390 527 2391 652 utriuque eodem modo, haec linea recta appellari es potest
365 598 2432 739 Curva enim aliam habet faciem vam nib cavam, intea quam cadit
368 664 2112 815 recta duo ejus puncta connectens, alteram cova convexam
517 715 2374 871 secto plano per rectam ququd assumi potest ab, una pate parte
381 786 2361 930 quod eodem modo se habeat ab una parte ad rectam, ut aliud datum abalia
376 915 569 1037 parte
708 857 2410 1011 quod vero ad rectam  unico modo se habet, id est in ipsus recta
383 969 906 1079 neque est geminabile.
595 1059 627 1121 s
791 993 2449 1147 tocus junctorum  eodem modo se habentium in plano ad duo puncta erut
832 1064 2445 1208 recta nempe intelligi pt cam planum secare rectam, &t in eo utinque duo
864 1123 2376 1274 puncta eodem modo sumi nempe uno sumlo A assumi putent ec
867 1206 1638 1331 Aollerum ei reppondens quod eut B
1822 1182 2388 1306 AX ~ BX, erit locus
872 1289 1441 1409 omnium X, erit recta
837 1277 2486 1445 umatur pars recta Cd. _ostenvendum est non aliam posse rectam
526 1418 1023 1538 trausire per c et d
1072 1365 2379 1514 sit ea CED, fadet in alterutum planum, ergo non se
530 1423 2489 1589 habet utrinque eodem modo ad planum, cujus duo puncta ad planum se habent
1917 1509 2029 1602 Du
351 1506 1868 1672 ptunque eodem modo. Res distinctius ostendenva foret.
434 1558 2464 1738 planum indefinitum sectum est per rectam X secetur Kaliter per rectam
310 1716 393 1807 Y
420 1621 2388 1792 ita ut plior sectio nova, ad priorem secans utrinque eodem modo ad eam habet, id est
280 1692 2491 1870 faciet angulum rectum. Et per quodvis punctum rectae X vig. per C et d falis recta
305 1870 552 1968 daci potes
669 1758 2481 1934 inter duas rectas FG per C, et HL perd comprehensum planum, seratur atriaque
305 1817 2457 2022 onguenter per rectam Cd, ergo, non per eam, CEd, quae in alterutium cadit. Necta ergo per
122 1973 591 2102 ex Cad d unica est
769 1885 2415 2051 sed et per C et d uuicr est. sit enim aliaruca dM, diversa
862 1931 2435 2117 a recta DN planum utrinque ae qualiter secante  patet
1993 2083 2401 2188 non nisi unica
295 2056 681 2229 elleer
2142 2132 2391 2254 se syi ad
207 1995 2415 2288 cum dN utrique eodem mmodo secel, hoc dM non facere sed cadere in alteratio parte
1038 2134 1939 2281 per duo ergo puncta Det C et
222 2219 825 2334 adeoque non esse rectam
957 2178 2054 2337 patet etiam quodvis punctum, in ea recta
222 2266 679 2400 rausere st recta
234 2202 2359 2449 puncta C D pitus unicum; nam ex si  omne punctum extra rectam aliud
229 2259 2435 2503 habet resondens ad reetat, eodem modo sehabens, sed in ipsa recta, N; non potest se
227 2328 2501 2557 eodem modo habece  non pt punctum haberi, quod sse eadem modo habeat, t ad C et D, CN
227 2388 2493 2608 A se ad ipsa habet nam est vel in partet ipse parte; C, d, del in parte quam e cd
1035 2437 2447 2610 Cd, separat d in parte quam cd, separatd nim potest
317 2552 999 2671 paret c vel ab ea cum a
236 2627 359 2735 aliud
398 2491 2489 2727 reperiri, nam mobit ex M egrediens, ubi ad M perbe N pervenerit, hoc potest ad aliu
2044 2618 2423 2705 teruinatur per
224 2554 2420 2786 pervegire eodem modo se habens ad N quia semper magis magis regert idem est
1218 2657 1961 2769 idem est eruo, m parte ex altera po
1993 2666 2457 2762 ergo ul bideam
224 2703 1108 2854 ab alia parte. Sed  cum recedit a
232 2701 1968 2898 non potest punctum invenici, quod eodem modo ut (N) se habeat ad C, supers
184 2725 2449 2962 an duo ppuncta in ipsa C.d haberi possunt eodem modo se hatentia ad  et ad d. sed si mople
290 2781 2462 3013 tenda versus , non potest vis eandem sevare distantiam, sed semper magis recent
302 2847 2440 3082 Linea recta ex duobus punctis reterminata est per quo transit, quia non
999 2964 1240 3082 uacta.
1409 2916 2437 3101 quia similiteur debeuminaniu ex ductus nempe
1148 3006 1348 3150 inter se,
271 3008 977 3179 ni si unica transit per duo
261 3123 600 3240 Juae reftae A
691 3045 1121 3211 LM sunt sumtes
1204 2974 2469 3213 M. reque aliud requeritur qa, ut recta at una ad aliad
239 3165 994 3294 punctis B,  A et B, vel
1223 3155 1841 3272 Recta ubrque ss similis et
205 3231 957 3377 duatr, quae reterminata es
1121 3118 2469 3345 uc puncta mobilia egrediantur duatus rectis unforu
249 3253 1082 3458 si ex eodem puncto immoto
339 3399 530 3489 nopu
605 3216 2437 3470 iupynturus locaectum contemporanea secuper fent Triansulu similla, uoi
1231 3323 2081 3475 Recta per centrum circulum
236 3431 322 3507 mi
217 3402 1055 3585 et anjuliidem & abera a qualia
412 3345 2457 3653 Recta per centrum circulus pisecat, nam recta quae circulum descubit
229 3480 1858 3728 in utioque plant a recta facti segmento se eodem modo hatet
449 1057 505 1106 A
2840 177 4719 293 Re seu (cebitume secat cirulun cine duas pares congridentes
2975 268 3341 388 Race ese
3021 307 4127 446 Ptana duo non nisi per extrema distinguuntur
3861 378 4010 449 natura
2936 378 4665 569 in Geometria plana haec plani ubique subintelligitur
2748 559 2884 661 Def. 1.
2965 459 4916 634 Planae  superficies, quae  solis extremis distingui possunt. In hac
2833 559 3947 678 vol. in hac plani natura fundatur soperticio quam ad hibet enclides
2745 561 4767 737 Coroll.1. itaque si ambitus duorum planorum sint similes, etiam plana sunt simila et vicisim
2745 600 4894 798 Coroll.2. Si ambitus duorum planorum  sint congrui, etiam plana sunt congrua, et ricissum
2745 666 4636 869 Coroll. 3. Si ambitus duorum planorum. coincidant, etiam plana coincident, et vicissim
2733 757 4291 935 Def. 2. Recta est sectio plani eodem se modo habent utrinque. se
2747 788 4885 993 Croll. 1. Duo segmenta plani, per rectam indefinita, congrua sunt ad sectione manente commumi
2755 906 3803 1047 Coroll. 2. si planum complicetur plica est recta
2899 908 4885 1135 sit planum X, seu cuius quodlibet punctum X. Ejus sinut duae quaelabet
2777 989 4865 1208 sit recta secans in duas partes, una punctorum B, altera punctorum Z Z
3793 1072 4865 1211 oney est x et omne Z est X, et omne
2787 1133 3698 1279 ipsius rectae puncta vocentur __.
4303 1145 4772 1255 et umne y et Z est
3326 1174 4252 1340 omne _ est , et omne V est Z
2632 1240 3226 1384 qualital X est _ f vel _.
3656 1223 4433 1377 ipsum planum vocari poterit _ X x
2558 1301 3370 1466 et quodlital q quod est Y et Z est V
2723 1269 4804 1509 sed ipsum planum minusculis literis potrit nocari g  X, y z et recta v, eruntue
2750 1331 4841 1585 i g et Z in X, et erit simud in et quiquic est in fx erit reh in Retat ie y vel
4711 1484 4846 1563 Pato
3556 1470 3996 1582 _ Zr a
3861 1414 4909 1585 de Tria cerneuntur. Esto superficies d, cujus partes f et d
2787 1519 3390 1636 in  vel in utreque simul
3400 1545 3627 1626 suis extremis
3644 1550 3695 1702 Es
4513 1479 4680 1589 dn
2975 1592 3170 1653 num est u
3312 1575 3375 1641 esol
3693 1548 4103 1650 , et d distuge
4252 1533 4308 1643 es
4474 1531 4809 1638 ini F et g nis
3478 1609 3490 1658 n
3273 1621 3351 1736 tenus
3793 1611 3847 1685 Et
3873 1619 4037 1687 hiceversa
4125 1609 4184 1668 on
2818 1631 2916 1738 R P
3378 1589 3622 1726 poem
2767 1687 3185 1790 similia esse  et
3175 1585 4865 1782 ci extrema sint similu, congrua coincidentiae ipsi figura cales erunt. Et h suffecerit planum
3348 1743 3380 1824 a
3412 1624 4872 1824 pena. Esto plani e pars e, dico e esse planum.  Nam sunto
2787 1736 3339 1868 e  t sidis lotane
2811 1704 4860 1924 celRerea eot ete duae pant partes A ipsius E partes _ S ut g, _ eae etiam erunt partes
2757 1763 4858 2000 psi ptani d, nam pars partis est pars totius. jam mnes duae quaevis partes ipsius d, non nisi
2755 1829 4882 2066 extremis Distinguantur, ergo etiam d et e non nisi extremis distinguntur. sed d et e sun
2772 1904 4819 2122 ouae quaevis prutes plani e, ergo due quaevis partes plani e, non nisi extremis distingumtur, sed
2750 1963 4741 2190 dier cujus duae extre pactes non nisi extremis dstingeantur, id est planum. Ergo  est planum.
2848 2041 4851 2232 Coroll. pars plani est planum. _ Esto planum d, et ejus pars e, dico et e esse planum. Nam
2772 2095 4872 2298 nam duae quaevis partes ipsius e, sunt partes ut f et g sunt partes ix plani d, quia pars partis
2772 2158 4865 2359 est pars totius, ergo f et g. solis extremis distinguantur itaqueduae quavis partes ipsius e, solis terminis
2767 2259 3842 2417 di extremis distinguuntur. itaque e est planum
2872 2241 4870 2478 Extremum est quod honbus partibus ejusdem totius communem est, et tamen pors non habentibus
4755 2376 4885 2439 coniait
2779 2430 3277 2527 commune est. Et
3385 2320 4863 2513 Aubitus est extremum totum, seu quicquid pars partitus ejusdem
4064 2432 4518 2547 latum est in quo extensum
4511 2432 4851 2525 quo ex m extensume
2765 2466 3727 2591 totius ujus omne extremum ejusdem.
4225 2476 4897 2574 Lntum est crimus sectio habet
2877 2513 4091 2642 Longita Longum est in quo extensum sumi  potest
3566 2542 4851 2688 pruofundum est in quo aliquid tectum esst, seu quod _ ita in
2498 2618 2933 2740 quat quo extensum sum.
2945 2603 3341 2710 etm sabet
2791 2591 4860 2784 Ettem seu Extensum in quo assumi potest aliquid quod non potest altiagi nin ab eo cujus pars in ipso
2799 2644 4851 2832 Extenso est, ab eo quod ipsum extensum attingit tantum non peretratu poro Altingit tantum,
2799 2701 4829 2886 non vero penetral quiquid profundum est quo in quo aliquid est, quod extremum extensum a
2794 2745 4809 2955 in quo _ sumci pottest  quod non potest ic esse in aliquo quod totum existit extra _ a
2813 2793 4665 2991 cuim nulla pars alteriis extremum est profundum est quod aullius extremum esse potest
2816 2842 4741 3047 protundum est, in quo extensum non extremum sumi potest sa quod alterius extremum esse non potest
2787 2879 4748 3111 omne Extensum vel altenius t extremum ese potest vel non potest. Extentem quod
2791 2925 4899 3167 alterius extremum esse potest, id vel in eo vel non pa sumi extrem id vel nullum rursus habu
2796 3013 4303 3235 extremum extensum et duitur longum tantum, vel hab Longitto
3368 3086 4130 3213 potest extremum, _t dicitur profundum
3873 3133 3974 3199 trem
2870 3157 3739 3297 Extensum f a quo potest ex qu in qui
2857 3127 4477 3367 extensum, profundum est quod n potest esse extremum est extensum non-extremum
3568 3228 4081 3326 es extremum extensum
2642 3326 2787 3421 Extensum
3097 3284 3492 3382 Latum est in quo
2882 3228 4509 3450 Extremum Longum est in quo potest esse extremum est extremum vel inqu es
3072 3306 4367 3509 punctum est in quo est extremum non extensum
2791 3463 3720 3592 punctum est extremum non extensam
2777 3475 4159 3651 Linea est extensum extremum, i cujus extremum_ est extensum
2777 3538 4049 3712 superficies est et est extremum, cujus extremum est extensum
2808 3616 4047 3783 olidum est extensum non- extremum t in  extrmum
4008 3714 4040 3807 es
4066 3704 4096 3797 e
4189 3648 4875 3773 m tantum est extremum, sed
4521 3702 4914 3795 en Extensu substituamu
2867 3640 4450 3826 Ib Exfremum imum non est extensum Extentum summum non est extremum
2962 3756 3639 3863 Extmu Extensum imemC est
4413 3748 4872 3829 punctum est demnatt imum
3744 3756 4325 3868 on est extremum extrem
4579 3809 4618 3878 in
2572 3814 3766 3909 unctum est Terminans non termin extremum summum est qu
4494 3817 4555 3900 cilique
4570 3841 4606 3892 est
3014 3868 3136 3941 cummot
3539 3824 4054 3927 unc extensum est terminatum
4511 3873 4557 3927 et
4570 3868 4626 3919 ter
2574 3883 2830 4005 patinescoecui
2877 3868 4255 3999 ermiuntum uod termitians mmatio in e ceitnut, in at onseepur
4196 3890 4430 3971 di ou uniuo
4227 3907 4614 4013 ima n
4621 3902 4670 4014 ta
4680 3873 4916 4015 uspormun
359 4161 1228 4229 COTTFRIED VVILHIEIM LEIBNIIZ BIBLIOTHIER
4367 4171 4794 4237 Sisnatur. LFI 35. 1. 5. 11001.500
354 4234 1226 4305 NIEDERSACHSISCHELAN DESBIBLIOTHIEE
4491 3211 4582 3302 exte
4603 3012 4892 3077 terminatum
4487 3038 4899 3101 terminatum imum est termin
4601 3116 4672 3160 sama
4760 3138 4887 3194 sunt tera
4589 3240 4802 3306 nars sumum est
4452 3284 4765 3357 Tmmnsintir ea n
4761 3282 4838 3343 dal
4336 3356 4643 3426 Extremum imum
4335 3389 4640 3465 Extensum imum
4333 3419 4681 3514 Extremum summum
4333 3487 4701 3579 Extensum summum
4711 3402 4882 3487 superficie
4709 3467 4872 3548 silidum
4718 3337 4877 3399 punctum
4713 3367 4848 3431 Linea
