4852 4259
2972 156 4823 302 Amussis instrumentum rectificans D est regula fabrorum, quam Architecti, cum opus probant
2968 248 4821 373 rubrica illinunt. vel aequamentum laevigatum, et est apud fabros tabula quaedam, qua utuntur ad
2958 317 4818 456 saxa avaequanda. Festus edi quam aliquid exaequatur. vel qua tabulae diriguntur, vel ferramentum, qui
2960 397 4783 515 in poliendoutuntur M. qua exploramus, an aliquid rectum sit aut curvum, et quid sit recidendum vel
2968 461 4818 584 revellendum ad aequationem. H. est instrumentum recte lineae ducendae L. P vel instrumentum, juxta
2968 530 4099 634 quod Architectus dimensiones suas atque dedolationes instituit.
2975 627 4790 773 Anathema, qua aliis malum optatur D. donum Deo dicatum et suspensum, vel ex communicati
2982 712 4797 837 seu praecisio a corpore Christi, vel homo execrabilis et anathemate percussus. L. P. res ex secrabilis
2975 771 4814 913 vel res devota Deo M quod hominem a favore Dei, coetu fidelium et spe aeternae salutis exclus
2972 847 3642 951 mnibusque malis dignum judicat.
2977 948 4814 1083 Anatome ars frangendi sive dissolvendi corporis D membrorum incisio H. scientia investi.
2977 1022 4816 1157 gans singularum corporis viventis partium substantiam, magnitudinem, figuram, situm, usum L
2975 1088 4818 1228 vel est corporis i mue in partes suas dissectio, ut interiores quam maximè oculis spectantium
2979 1149 3199 1265 pateant.
2972 1270 4830 1414 Anfractus sinuosus quidam reflexus: cujus figuram videmus in testis cochlearum, in cochl
2972 1351 4807 1481 de et fere in arietum cornibus. vel viarum flexus J. L deflectens platea vel via à linea
2972 1419 3117 1519 recta.
2972 1514 4612 1642 Angere praefocare sive strangulare. Angi dolere aut cura aliave animi aegritudin
4655 1575 4797 1672 remi J.
2975 1590 4605 1713 vel angere est ob malum animo praesentatum curam atque tristitiam illi conciliare.
2972 1675 4818 1838 Angina deglutiendi et respirandi difficultas, ex gutturis et partium infaucibus inflamnas
2975 1755 4816 1909 one L. P quae spiritum continendo respirationem inhibet H morbus, qui guttur angit M genus
2972 1821 4788 1978 morbi acutissimi, quo fauces anguntur et strangulantur J. L. vel dolor in collo perceptus
2979 1888 3966 2018 a sermone commode proferendo hominem impediens.
2960 2023 4802 2209 Anhelare laborare difficultate spirationis D. est, cum ex cursu aut alio quovis labore veho
2972 2115 4783 2280 menti crebris quasi singultibus spiratur ac respiratur. J. L aërem attrahere atque exspii
2975 2198 3767 2311 re, ut corpus in motu suo conservetur.
2965 2306 4799 2482 Animadvertere percipere cum reflexione D est animum ad rem aliquam vertere, at
2982 2387 4807 2536 cere, hoc est, de improvisu intueri quippiam. J. L. Intelligitur aliquid argumentis, animadverti
2975 2448 4795 2586 tur sensibus praesenti animo utentibus. plerumque enim animadvertimus rem aliquam oculia
2977 2512 4797 2661 aut quovis sensu corporis absque animi intentione. J. L ex Asconio. intelligere, rem certo modo se
2970 2588 3157 2666 habere.
2975 2685 4799 2839 Animal corpus vivens et sentiens D. quod sensu movetur, ut homines et bruta. Animantia sunt
2977 2754 4795 2903 etiam ea, quae vivunt et vegent, ut arbores, herbae, sata P. Corpus animatum sentiens L. P sub
2979 2818 4179 2929 stantia corporalis, quae vivit, sentit et per se ipsam movetur.
2972 2926 4802 3064 Animus consilii est, anima vitae J. L. ex Servio. sumitur aliquando pro animae humanae suprema
2979 2988 4790 3142 parte, nempe pro mente, quandoque pro voluntate et proposito L. P est ratio, quae sapimus et intelligi
2979 3049 4792 3187 mus: anima est spiritus, qua vivimus et sentimus et movemur. animus qualitas viventis, anima
2975 3118 4778 3236 causa vitae. Animus spiritus, quo erigimur et movemur; mens ratio, qua animus regitur. P. vel
2977 3163 4572 3295 est anima operationes edens, quae quam maxime per voluntatem sese exserunt.
2975 3262 4783 3447 Annulus ornamentum digiti circulare D vel est circulus ex pretioso metallo gemmis pleri
2979 3345 4047 3459 distincto confectus, ornatus causa digito circumjectus.
2972 3435 4790 3615 Annus est maximum systema dierum ex motu siderum dependens L. P tempus 365 dierum et
2975 3518 4785 3681 horarum circiter 6. H ab am et no, quod quasi circumnatet, in se redeundo. fit sole revolut
2979 3575 4778 3745 ab uno et eodem coeli puncto ad idem punctum secundum motum proprium facta M. ve
2982 3648 4785 3807 est temporis spatium juxta cursum solis in Eodiaco dimensum, incipiens apud nos, quando
2990 3714 4759 3883 sol ad septentrionem accedere conspicitur, anma superiore tunc finem suum obtinente.
352 4034 1204 4095 COTTFRIED VILHIEIMLFIBNIIZ BIBLIOTHIEK
4203 4046 4653 4098 Signatur: LH4. 7D, 2. 12621.70
343 4109 1207 4169 NIEDERSACNSISCHELANDESBIBLIOTHEK
