4895 4249
3027 96 4526 210 Calva superior pars capitis J. L vel oscapitis, ubi capilli esse consveverunt. H
3029 205 4817 337 Calvities, quando quis calvam crinibus nudam habet M ex Perotto. vel carentia capillorum
3024 323 4828 450 Calumnia malitiosa et mendax infamatio, vel callida quaedam fallendi ratio cum malevolentia a
3036 396 4831 500 juncta. vel est vendicatio, juris in re aliqua postulatio H. vel alicujus in litibus perfrandem et fru
3031 450 4824 575 staationem veratio J. L vel. quando de homine quodam proferuntur aliqua cum rei veritate non
3027 509 4092 601 convenientia, ut honor ipsius detrimentum patiatur
3029 597 4562 729 Campus est planities terrae ampla et grandis J. L. vel portio terrae plana, mont
3034 672 4564 774 carens. Metaph. juxta H. quaevis res, in qua quisstudium habet, vel ubertas materiae.
4588 649 4840 760 us et collibus
3024 753 4847 889 Canistrum est sporta, qua veteres prandia et coenas paratas inferebant, fissis cannis context
3029 828 4368 932 M. Supellex domestica viminea ad panes et cibos apportandos apta.
3022 930 4819 1095 Canities color hominis cani vel etiam ipsa senectus. sive qua candent sive albent capilli prae
3034 1012 4307 1121 senectute. J. L vel capillorum in colorem albicantem mutatio.
3027 1118 4854 1265 Captivitas, qua quis vinctus est: quod non sui juris sit, sed in potestatem alterius redactus J. L ve
3027 1201 4472 1314 est status eorum, qui in carcerem conectisunt aut vi alicubi detinentur
3024 1298 4850 1461 Canon vide amussis. virgula connea, quae rectiosima esse solet. omnis ecclesiastica constitio S
3022 1378 4843 1532 calamus, circa quam textores fila involvunt, virgula, qua clipeus tenetur, clathrus ex rec
3027 1439 4833 1605 lignis aut ferramentis factus regula supra trutinam, quae aequilibrium facit. vel praescri.
3029 1513 4812 1668 ptum tanquam lex, secundum quod aliquid faciendum est, seu norma operis. vel numerus
3027 1574 4821 1744 librorum divinorum, ad quos tanquam ad regulam examinanda sunt dogmata fides
3024 1647 4809 1822 et mores seu vita Mvel est regula, ad quam Architecti exstruunt aedificia, ut singulae partes justa
3027 1727 3872 1829 metria et proportione interse cohaereant. L. P.
3024 1815 4817 2008 Capere dominium acquirenejus, quod nunquam restituturi sumus P aliquid ad setransfe
3034 1895 4840 2089 sive non oblatum aliunde sive oblatum M rem cingere, ita ut res cincta sit in cingentis pote
3029 1971 3747 2074 state, vel rem alienam suam facere.
3024 2058 4805 2216 Capistrum capitis vinculum, quod mulis, jumentis, bobus et cuicunqe animali adhibitur, nefugiant
3029 2126 4845 2310 vinculum, quo ligantur vites J. L. quo capitue et continetur bestia M instrumentum equova
3027 2200 3648 2299 coeircendorum capiti injectum.
3024 2289 4850 2452 Capsa dicta, quod res in ea conditas capiat. J. L vas, in quo reponuntur edulia H. quod ex lignis in
3024 2369 4172 2478 flexis fit M vas domesticum ad res in eo seponendas aptum.
3024 2471 4845 2627 Carbo, quae flamma caret H. ex Isid. lignum aridum et ustulatum H. vel illud, quod ignis de
3027 2542 3870 2657 ligno, humidiore oleositate ejecta, reliquit.
3017 2639 4854 2776 Carcer, locus, in quo servantur noxii vel unde quis exire prohibetur J. L quo custodiae continensu
3015 2707 4691 2837 ad terrorem H. domus ad eos, qui scelus putantur commisisse, in eam detrudendos facta.
3015 2787 4861 2950 Cardo quasi cor jannae, quae scilicet illa movetur. J. L. plaga sive regio cardinalis, cui plagae collatera
3024 2851 4847 3012 adjacent. L. P. Cunens qui in fora mine vertitur et aliquando ipsum foramen, limes ab oriente in occia
3027 2924 4831 3059 tem; pegma, ex quo aliquid suspenditur H ancora jamae, quia eam retinet instar anctorae, ne
3022 2988 4847 3139 moveatur; rec extremitas, quia cardo in extiema janua ponitur. M. vel uncus ferreus, in qua
3024 3045 3615 3144 janua suspenditur et vertitur.
3020 3148 4831 3290 Caries vetustas vel putrilago. J. L lignum vermiculatum H putredo ex vetustate inprimis in la
3024 3226 4828 3342 cum ea a vermibus rosa, scissa et quasi pulverata sunt. M. status corporis a vermiculis corroli.
3020 3321 4784 3444 Carina infima pars navis J. L ex Festo. vel trabs ima navis, ejusque fabricae fundamentum
3029 3448 4748 3547 Carminare pectinare lanam, ut careat eo, quodin ea haret J. L. vel carmine (hoc est pectine
4673 3425 4795 3495 Tunio
3029 3505 4741 3618 ab immunditia repurgare. M. lanam perpectinem ducere ad amovendas immunditias.
4786 3486 4852 3585 lanc
3027 3602 4833 3729 Carpentum pompaticum vehiculi genus, quasi carrum pompaticum. M ex Isidoro. a quoite
3027 3670 4857 3786 velociter carpitur H. vel Vehiculum, tegumento quodam superinductum, quo ditiores utuntur ad
3024 3741 3492 3833 commodam vectionem.
349 4022 1213 4090 SOTTFREDVILHELI LEIBNIZ BIBLIOTHIEK
4229 4034 4694 4097 Signatur: L H a. 7B. 2. 12641.132
344 4100 1218 4159 NIEDERSACNSISCHELANDESBIBLIOTNEK
