4848 4244
2952 122 4796 223 Amanuensis, qui est a manu aut ad manum scribendo vel qui ad manum servit. M. vel
2954 195 4150 313 minister scribens, quae hominus ipsi describenda injungit.
2942 332 4800 459 Ambages dictio fallens in re indifferente D verborum circuitus J. L. verborum circuitus, qua
2952 410 4800 523 aliquis circum agitur M vel sunt viarum decursus a recta linea deflectentes, atque viatorer
2952 469 3192 530 remorantes.
2949 518 4793 653 Ambignitas indifferentia sententiarum multarum D qua mens ad unam partem non accli
2952 589 4800 730 nat M ambiguum est dubium, quod in ambas agi possit partes H. vel ambignitas est, qua quis
2952 648 3808 773 nescit, quaenam sententia sit amplectenda:
2949 773 4810 905 Ambitio vitium appetitis honoris D vel cupiditas gloriae vel magnarum rerum desiderium
2968 846 4803 983 indebiti honoris affectatio modestiae contraria L. P. petitio honoris, quem non meremur, aut ob ce
2954 912 3640 1020 tas causas accipere non possumus.
2963 1016 4803 1178 Ambitus perimetrum circumdans D crimen affectati honoris P. crimen, quo honores publicor
2968 1108 4791 1237 per largitionem pecumariam ad emerendum favorem emercamur L. P vel circuitus: omnis
2963 1164 4468 1303 dimensionum capacitas L. P linea, quae ciicum rem aliquam duci potest.
2966 1263 4781 1445 Ambo dicitur de iis, qui uno tempore aut simul quid faciunt. P unus apud unum M.
2966 1346 3390 1461 duo simul sumti.
2968 1440 4800 1622 Ambulare est spatiis factis in eadem vestigia sapius reflectere, idque ad voluptatem vel sa
2968 1530 4800 1690 tatem P pedibus incedere L. P huc atque illuc ire exercitationis aut animi causa. J. L. D
2973 1603 4171 1714 lento gradu progredi oblectationis vel salubritatis causa.
2966 1732 4812 1902 Ambulacrum locus in aedificiis ad deambulandum accommodatus J. L. ex Festo. locus ad am
2971 1803 3468 1909 bulandum destinatus.
2973 1909 4772 2091 Amentia morbus cerebri D qua, quis omni sensu et ratione caret P. animi affectio lumine
2978 1989 4791 2152 mentis carens T. L. ex Cicerone. Amens, qui a mente sua discessit Varro. est enim amens, non qui
2978 2051 4796 2218 mente caret, sed qui aliqua perturbatione sic mente motus est, ut ob rationem turbatam qui
2980 2117 4725 2282 agat quid ve dicat, cernere non possit. J. L. vel amentia est usus rectae rationis carenti
2982 2237 4789 2437 Amita cognata foemina pertinens ad patrem D dicta ex eo, quod ab antiquioribus avita sit
2982 2317 4442 2475 vocitata, quia est tertia a me, atque avia videri potest J. L soror patris.
2982 2430 4767 2593 Amnis aqua perennis cursus, alveo coërcita D amnis a circumnando ex depi J. L ex Festo.
2980 2508 4826 2673 flumen, quod circuit aliquid H. aquae multitudo a fonte suo sese lapsu quodam movens certis
2985 2577 3327 2664 ripis contenta.
2992 2664 4819 2841 Amoenitas voluptas gaudium creans D jucunditas quae ex rebus amoenis percipitur. Amoe
2989 2739 4814 2904 num, quod ad se amandum allicit; quod extra moenia est, quia extra moenia, quae loca destinantur amoe
2992 2810 4800 2961 tati. amoena sunt loca solius voluptatis plena, quod sine munere sint quasi amunia, id est, sine fructus
2999 2876 4791 3027 vel, amvenitas est, quando vel terra vario proventu ornata, aut arbores gratam umbram spargente
2989 2935 4767 3098 aut tempestas calida atque serena recreationem aut oculis, aut corpori aut animo conciliant.
2994 3062 4800 3230 Amphitheatrum dictum, quod ex duobus thealris sit factum P. ex Isidoro vel otheatrum rotundum
2999 3147 4786 3289 ita, ut utrinque spectari possit, locus in quo diebus festis ludi spectantur, interdum etiam oratio.
2992 3216 4187 3315 nes audiuntur M vel est aedificium, formam circularem habens
4232 3253 4798 3376 pectaculis edendis et contempla
2992 3279 4084 3392 dis destinatum ac circum quaque spectandi usum praebens.
2996 3376 4796 3536 Amplecti circumdare manu D ita comprehendere aliquem, ac si implicemus nos illi M est ve
3008 3461 4381 3579 partes quasdam corporis vel materiam flexilem alicui rei circumjicere.
2999 3564 4600 3704 Amplus, quod late patet et per multa diffunditur. J. L. ex Victorino. quod multa capit.
346 4020 1204 4081 SOFTFRIED VILHEIMILEIBNIIZ BIBLIOTHIEK
4208 4020 4732 4097 Sisnatur. LFI a. 7D. 2. 1261). Z
332 4095 1209 4154 NIEDERSACNSISCHELANDESBIBLIOTHEK
