2381 4083
442 199 2319 335 porte les chiffres. il s a un pebit recsors cache dlans le ereux de ce granc
433 322 2276 428 rouleau et par consequent invisible clans le clessein quni le cylindre
1754 263 2228 351 ce pelit ressort, fait que
435 408 2326 514 mobile lons qu'il tourne a l'entour de Parbre demeure ferme a l'endroit oM
442 505 2315 605 il est mene. C'ert pourquoy il faudroit une petiberoue à dix dents clans ce
438 594 2310 696 même creux qui seroit attactiee au cylinore mobile on au grand rouleau
438 680 2342 796 si le recsort est sur l'arbre, ou qui sera attachée a l'arore si le ressont eot
431 780 2346 891 plante sur lededans du rouleau. En fin ledib cylinore mobile Imno. porte
435 873 2312 979 proche de l. une piece V la quelle lorsque le dit cytinore a fait un tout,
435 966 2337 1066 fait le transport sur le suivant en donnant contre l'etoile 2 F. comme je ciray
435 1052 2346 1159 cy apres lorsigue j expliguerais se mounement. Apres l'explication cles arbre
433 1125 2274 1243 AB, qui sont lec principanx, il faut expliguer encor les autres, scavoir
433 1218 2346 1329 Cd, et Cf. Les arbres  2C rd portent les etoiles 1F, 2F, desixclent
1066 1188 1087 1247 se
447 1306 2351 1429 chacune, et les roues 15, 25, chacune de 30 petites cdents. Enfin lec arbr
476 1383 578 1540 Est
642 1397 2324 1526 Eb 2 C 25 portent les pignons margues de x de six dlents chacund
425 1488 2335 1633 les pieces marestees dle 1y. 27 qui serveno a battre contreles dents des roues
435 1581 2346 1710 marguees de (0) et enfin les preceo I D 2 D qui ne se trouuent pas dans le
453 1669 2344 1807 modelle et que par adjoutees pour les raisons que jecliray mainbeiant
59 1769 2321 1914 et qui nont oblige def changev memes quelque chose de se qui est dans le modelle,
222 1864 2342 2007 Cavois avulieu que L R est un ressortrus qusil est attacte a un endroit ala piece
453 1962 2349 2084 i H (comme cela est dans le modelle) il faut que ce soit une piece inflexible
458 2052 2267 2166 allant a l'entour del'arbre comme un collet, mais qui sans pouvvir
469 2143 671 2204 tourner
451 2154 2335 2270 tollmer enrond peut neantmoins alter et venir sur larbre oer ligne devite
440 2247 2335 2347 LO, et esbre tantost bien pres de la roue unie inmobile iH pourfiire entrer
449 2331 2342 2436 la cheville LY enbre eleux dens clela roue (10) tantost un peu eloigne pour
447 2413 2337 2524 retirer a dite cheville LZ. Raturellement le collet LR se tiendra proche
449 2497 2319 2604 de la roue unie. Hppresse par un ressort place en O. mais lons que le
472 2590 2333 2683 collet doit estre etoigtre de la roue unie cela arnivera par ce qu'une
483 2683 2333 2787 piece. D cle l'arbre 1F entrant un peu anant entre deux e obligera
490 2776 2340 2880 le collete de se retirer avec sa cheville LZ, ee qui atrivera au temps que
499 2860 2328 2969 le cylindre Imnopque doit recevoir un transpars du precedent par
503 2951 2083 3046 le meven de la piece Y attactiee au meme arbre acec la piece
2122 2962 2328 3064 D: mais
522 3030 2328 3143 la separation se fera un peu avant le transport sera fait, ce qui arri
520 3118 2315 3227 pera presq en un moment: le collet se remettra et la cheville LZ ren
1141 3109 1339 3171 Sapres ce
514 3198 2342 3320 Hera entre les denbs de la roue (10). Ntrakt tubec les Rreces Extam
505 3314 2317 3427 expliquees, il faut verir a leur mouvement et usage pour cet effect il
533 3411 2272 3506 tera a propos encor de choisir l'arbre du milieu 2 A EB et en
524 3481 2335 3606 considerer plusieurs dlifferens estats i arore peut estre engage
520 3570 2356 3688 dans le grand mouccement ou non. H est engage dans le grand moucement
5 843 177 911 la piecet
0 889 326 961 cela i estoit pas
0 932 340 1032 daus le modelles
31 1342 459 1440 ne fussent que de cinusdens.
11 1250 399 1336 N. il faudroet plus tost
29 1295 369 1370 que les etoiles
52 1340 222 1401 les pignon
22 1399 388 1478 on que la roue 15 en
34 1444 192 1509 eut 36.
367 1546 431 1622 et
17 1603 320 1683 tes pieces) ne sont
18 1637 338 1717 dans le modelle
21 2250 381 2332 arbreu cera quarre
26 2672 435 2753 commo avec une glaive
513 3250 576 3323 du
21 3314 529 3401 Mamtenanttoutesles pieces
199 2948 435 3030 aut noter que
59 2975 138 3044 +
38 3016 469 3087 pronti la piece D ne sortira
43 3062 460 3118 ras d'entre LR et eH qu
43 3094 474 3152 le transport, ne soit fait.
40 3130 392 3193 il fant que D. ait de d
38 3159 444 3221 largeur, et que i'aipaissent
36 3198 460 3259 dexaissem alle en diminua
120 3234 285 3293 ers la gla
292 3230 428 3277 vectqu'il
131 3270 279 3318 ne glaline
410 3239 447 3311 ost
102 3275 165 3345 pariae
179 3960 581 4008 COTTTREO MMIHIEIM LEIBIVZ BIBVIOTHEN
1772 3960 2160 4019 Sionatur. LFI 42. 4. 1. 124).7
179 3989 576 4053 IMEOENSAEtISISCIIE ImOISOBIOMIE
