4899 4260
3000 227 4115 338 vendendi et emendi inter homines quosdam instituta.
3010 172 4868 279 mutua rerum communicatio, quae per contractus conventionusque explicatur. H. vel est actio
3005 345 4875 475 Communicare commune facere J. L simul participare de uno pane M. ex Papia. concedere alti
3003 414 3455 515 ut re nostra uti possit.
2998 508 4872 612 Compendium quod parsimonia quadam servamus T. L. ex Budeo vel lucrum temporis, pecuniae et
3003 577 4872 681 operae. iter abbreviatum J. L. quod benè et moderate seu lucrose expenditur M. explicatio brevs
2998 639 3684 754 rei, quae alias prolixe pertractatur.
3000 733 4870 844 Compositio quae ex simul positione eorumque unione rem constituit. Schmidius est vel actus compones
3003 804 4863 906 vel rei compositae status. qua rei alicui alia quaedam ipsi convenientia adduntur vel addita sunt, ut it
3005 863 4846 979 variae illa res combinatae unum constituant. vel conveniens ordinatio et conjunctio multarum atae
2998 927 4061 1055 diversarum partium, ex qua tandem una res evadit.
3008 1055 4863 1190 Computatio rationum collatio H. est actio, qua et diversis numeris positis unus aliquis quaesit
3003 1152 3237 1237 colligitur.
3019 1204 4856 1325 Conatus vis illa, quam in inchoanda actione difficili adhibemus, vel initium actionis difficilis,
3005 1273 4155 1405 quam absolvendam vis magna animi aut corporis requiritur
3008 1393 4858 1507 Concedere dare locum. J. L accedere sententia alterius, opere ipso permittere M. licentiam
3003 1464 4420 1580 dare aliis rei alicujus perpetrandae; non impedire, quo minus aliquid fiat.
3000 1557 4865 1663 Concio populi multitudo congregata vel ex magistratus jussu vel ex publici sacerdotis, vel interdus
3015 1625 4858 1741 sua auctoritate et sponte propria ad audiendum oratorem concionantem in bonum publicum:
3003 1704 3736 1791 cujus etiam oratio vocatur concio.
3003 1772 4002 1905 Conculcare pedibus aliquid conterere atque perdere.
3005 1895 4877 2011 Conclusio, qua ex praemissis legitime infertur Schmidius. vel propositio illata, quae ex pramissis cut
3010 1961 4870 2082 pitur, et constat ex termino mlajori et minori. L. P vel orationis pars uletma om ovenaum a
3008 2030 3282 2130 commodata.
3008 2127 4875 2250 Condire sapidum facere J. L salem vel aromata rei addere, ut illa diutius possit durare vel
3005 2208 3628 2338 gratiorem saporem acquirat.
3000 2316 4870 2425 Conditio est dispositio quaedam ac veluti sors fortunarum, temporum, rerum. J. L vel est certa dete
3003 2387 4865 2482 minatio propositioni adjecta, qua stante ipsa stat, non stante non stat. vel est lex negotio addita, un
3003 2447 4693 2567 negotium pendet. L. P quando actionen quaidam alia actio vel praecedere vel subsequi debet.
2998 2582 4868 2712 Condonare propositum capere vel illud propositum verbis indicare, quod nolimus punire eu
2998 2645 3665 2761 qui in nos peccatum commisit.
2998 2738 4872 2882 Conducere precio accipere J. L. rem in usum accipere constituta mercedere M ex Papia. ve
3003 2816 4742 2944 pecuniam vel praemium alicui promittere, ut nos causa labores quosdam suscipiat
2998 2913 4861 3045 Condylus junctura et nodus articulorum in digitis, et eminens ac stricta in pugnum palma
3010 2989 4612 3097 J. L digiti articulus, nodus incurvatura, qua digitus flectitur. M.
3000 3100 4517 3235 Consideratio ratiocinium super aliqua re, an illa sit vera vel falsa.
3003 3216 4830 3353 Consumere in nihilum redigere J. L. bonum aliquod inultiliter impendere atque collocare
3003 3296 3994 3412 vel bono suo praeter necessitatem se privare.
2998 3400 4842 3554 Convenire concordare et sine controversia esse J. L. in unum venire M. vel in conventu
2998 3481 3533 3578 de re aliqua consentire.
2998 3568 4861 3722 Conversatio vita inter alios ducta, vitae actiones diversae M. vel variarum actionum al
2998 3651 3888 3758 colloquiorum interse invicem institutio.
2998 3741 4865 3881 convivium accubatio epularis amicorum J. L. ex Cic. vel est, quando plures recreationis causa ei
2998 3803 3474 3889 bum simul capiunt.
345 4030 1216 4096 GOFTFRIED UILHIEIM LEIBNIIZ BIBLIOTHIEX
4245 4047 4702 4099 Signatur: LH 4. 7D. 2. (272I. 17V
336 4106 1218 4165 NIEDERSACFSISCHE LANDESBIBLIOTNEK
4683 85 4730 147 1
