4615 4291
226 57 1161 193 Hanc propositionem sane potissimam
109 169 531 300 ita demonstro.
555 157 1080 257 Sitit characteres
107 212 1347 374 primitivarum notionen quotcunque a. b. c. d etc.
112 288 1192 452 Et sit res quadam cujus character resolutus
93 371 1192 517 in hos primitivos denique desiuit. Propositio
135 426 1180 588 quaedam demonstranda cujus ehae subjectum et
112 488 1247 653 praedicatum in aliquot exhis notionibus primitivis
112 550 1144 719 resolvuntur. Pono autem propositionem
97 607 1135 784 hanc demonstraxi posse nullis aliis adhibitis
100 681 1137 851 notionibus quam his ipsis: a. b. c. det. et quae
107 739 1323 905 ex his componuntur ajo solo calculo propositionem
109 812 1311 986 posse demonstrari. Resolvatur scilicet subjecti
76 886 1225 1039 Scharacter usque ad characteres primitivos
95 934 1244 1110 et praedicati character etiam necesse est
102 1010 1252 1170 fornes si propositio est universalis omnes
95 1070 1192 1218 characteres praedicati contineri in characteribus
83 1127 1218 1306 subjecti. Nam si praedicatum in est
107 1272 374 1373 subjecto
412 1194 1280 1342 (exempli causa si omni circulo
104 1263 1299 1451 in est uniformitas) necesse est quicquid
95 1342 1132 1492 in praedicati concipitur etiam in subjecto
97 1413 1137 1559 concipi posse: jam omne quod in praedicato
81 1463 1161 1621 concipitur Mdibu notionibus sicib
100 1528 1206 1685 primitivis quae in eo concipiuntur continetur
90 1592 1163 1735 omnes ergo notiones primitivae istretiam
88 1649 1240 1811 in subjecto concipi possunt, sive inter notiones
100 1721 985 1876 primitivas Subjecti continentur.
169 1759 1204 1942 Itaque generaliustra concpi potest
133 1840 1147 2009 propositio mostra hoc modo: si
112 1947 627 2073 subjactum pariter
655 1873 1555 2019 et praedicatum ex uno quodam
102 1957 1230 2145 esdem chaeateribus dato qodam alprabeto
150 2019 1569 2209 scribi possunt, (et quidem unico modo aut diversis
102 2093 1225 2267 in se invicem resolubilibus) et potest
104 2152 1659 2336 praedicatum inese subjecto  nullis aliis notionibus foriusecus
100 2238 1202 2395 assumtis demonstrari potest, necesse est
116 2288 1435 2462 demonstrationem solo calculo inveniri posse;
59 2376 1252 2541 eodem eidem modo ostendi potest hac
119 2441 1266 2598 ratione etium problema quodlibet solvi
81 2515 1218 2681 posse, siquidem ex his notionibus solvi
114 2619 400 2729 potest
140 2605 1464 2796 itaque si quis certus sit se notiones
124 2698 1233 2867 maxme primitivas usitatiores
126 2734 1898 2929 plerasqueAlphabeto complexum esse, hunc certum est
100 2824 1194 2994 is e plerasque veritates quibus
52 2860 1550 3079 opus esse possit, posse solo calculo demonstrare posse.
233 2975 1306 3125 Restat sut modum tradamus investigandi
71 3046 1316 3211 Alphabetum notionum simplicium; hoc fiet
85 3120 1202 3280 analysi,  quadam; quemadmodum
93 3168 1364 3332 ex notionibus primitivis compositas extruere
85 3234 1483 3432 syntheseos sive compinatoriae artis officium est
124 3344 1140 3497 Artem autem hujus analypeos cum
119 3416 1104 3559 in rem praesentem ventum erit
83 3513 758 3656 dilucide exponemus.
2368 104 3401 250 mnis definitio causalis et etiam
2339 197 3451 338 nominalis esse potest, non contra. Nam
2337 276 3463 426 causalis eo sotim deffest nominali, quod
2337 357 3412 500 in nominali resolutio quidem aliqua fit
2358 431 3510 567 sid in eas tantum ideas, quarum possibilitas
2327 507 3467 641 a posteriori seu pet experientiam tantum
2351 576 3491 727 explorata est. At causalis ext nominalis
2361 646 3458 820 continiaita asque ad primas ideas, vel usque
2339 765 2644 889 ad eas quae
2320 872 2661 996 Atphabetar
2339 977 2833 1098 logitationes nostrae
2320 1029 3472 1182 Quaecunque causam habent non possunt per se
2356 1103 3489 1246 concipi; concipientur, enim mullo perfectius
2330 1168 3505 1313 si causa eorum intelligatur per suam lausam
2334 1227 3565 1382 ex qua possibilitas tarum demonstran potest
2349 1299 3532 1430 itaque caloris luris calor, lux aliaque id genus
2327 1361 3508 1499 non utique per se concipiuntur. tametsi nullae
2332 1423 3596 1597 earum definitiones facile a nobis assignari
2370 1554 2611 1663 possint
2361 1587 3613 1754 Quaecunque uno simplici sensiis actu percipiuntur
2351 1709 2687 1826 porum definitio
2377 1725 3443 1864 Quaecunque nullam aliam habent notam
2432 1799 3508 1957 qua cognoscantur, et ab aliis distinguantur
2356 1876 3408 2026 praeter unum simplicem Actum sensiis,
2332 1942 3403 2100 ea habeni posssunt earum notiones haberi
2356 2002 3515 2162 possunt interim prosis: ita flavedo
2351 2071 3558 2224 notio flavedinis haberi potest pro primitiva
2318 2147 3491 2295 neque enim an aliquid flavum sit alia ratione
2323 2197 3625 2381 quam oculi in rem conjectu simplici dignoscitur
2351 2281 3587 2441 at notio auri non est primitiva. Nam aurum,
2339 2333 3520 2529 dignoscitur. colore, pondere, sono aliisque modis.
2468 2429 3582 2610 Alphabetum cogitationum humanarum
2327 2517 4054 2700 est catalogus notionum primitivarum, qu seu quas earum quas
2339 2607 3446 2767 se quaenullis definitionibus nepriori
2315 2679 3663 2829 neque aposteriori nunc quidm ariores
2327 2812 2599 2946 possamius.
2399 2782 3942 3001 Tamet si notiones primitivae sint infinitae, (uti exempli causa
2301 2889 3584 3072 Anconpli musa infiniti sunt colores) sufficit tamen
2344 2956 3477 3130 adhiberi ex unoquoque genere paucas et
2327 3015 3726 3196 quadam ad has relatione exprimi caeteras
2377 3087 3658 3273 Multitudo notionum reperitur in specialibus
2308 3175 3477 3344 Qualitatibus quae sensibus externis objiciuntur;
2325 3254 3434 3399 sed  quaelitatibus quae interno tantum sensu
2334 3318 3410 3473 percipiuntur, aut pluribus sensibus communes
2320 3380 3508 3547 sunt, ea sunt paucae sunt primitivae notiones
2334 3494 2640 3604 itaqud
2342 3523 3935 3702 Pueri qui pauca experti sunt nihilominus pleraque omnia intelligere
2494 3487 3451 3628 Hujus rei manifestum, documentum dabo.
2344 3580 3887 3764 possunt, quae praeceptor prudens ipsis explicat, tametsi ille tos
2351 3637 3796 3804 unipsis nihil ostendat, sed tantum describat. Necesse
2346 3687 3904 3869 est ergo omnium illarum rerum notiones jam latere intra ipsos,
2404 3757 3723 3931 adeoque oxiri ex panlis illis quas jam experti sunt.
1645 2031 2237 2154 alioqui enim necesse est
1748 2114 2218 2183 ipsas smplirerrotiones
1750 2150 2201 2224 au d primotiva
1855 2190 2196 2262 ad demonstra ind
1800 2233 2187 2360 causa resolvi)
3622 333 4479 448 soa, quae simul causelis non est
3954 216 4137 297 L
338 4076 1144 4138 COTTFRED VVILHELM LEIBNIZ BIBLIOTHEK
3999 4078 4457 4147 Bionatur: LtI a. 7C. 13231.100
317 4143 1142 4212 NIEDERSRCHSISCHE LANDESBIBLIOTTIEN
3913 3068 4326 3180 + primitivarum
