4298 3708
179 51 1092 175 nifin comme la division n est quune
106 123 1157 255 Multiplication renversee il sera apropos
83 203 1046 319 de nous tervir du même exemple comme si
80 249 1263 379 nons voulions faire li de preune de de dt
70 311 1172 447 la multipli exempende maltiplication par
86 385 1100 502 la division car fera cela servira a faire
741 512 875 572 cet e
72 444 1092 593 comprndo en quetque facon la raisos se la
78 527 1083 644 construction de la machines. Or comme
78 585 1069 725 le produit qui paroist dans la figure est
76 655 1092 788 celuus de 167 3 multiptie par 6, seavoir
84 731 1054 850 10038. divisons a present le dit nombre
1005 807 1254 891 acrorde avet
121 803 1052 931 10038 par 1673, It est honc manifeste
74 863 1186 997 que le produit de la multiplication, et Te nombre
86 933 1054 1060 a diviser dans la division, est le meme
98 1001 1153 1122 sacende,  le nombre a Multiplier avec
677 1114 1015 1178 apront la minepfare
92 1048 1279 1190 le Divireur, et le quotient, avec le Multiplicateur
49 1124 1164 1266 tpar consequent lens praces dans ia machine
59 1194 1100 1336 seront les mêmes. I fant Et puisque 100B8
80 1252 1108 1388 et 1673 dont le premier deuurvit estre mis
57 1320 1096 1462 dans tes cylindres des produits par temogen des
55 1439 1297 1590 de atnultiplecation. Vont deae menu. quecce due
168 1489 1333 1654 tell correspondance mstement c
873 1549 1232 1631 defocit de l'autre
947 1621 960 1666 a
642 1598 865 1658 deq an
875 1631 896 1666 de
803 1631 853 1672 eri
651 1648 675 1703 g
912 1588 1454 1711 cur le papier. 1003s
61 1617 568 1720 Aercurvititesaorotse
1034 1658 1310 1730 esent quededem
988 1672 1009 1734 es
1394 1678 1464 1728 qu
754 1701 772 1759 p
1048 1703 1318 1751 autramer eu
49 1654 906 1779 si lone voredroit faire  dujsion,
1073 1728 1316 1775 Payapitiom
496 1695 1046 1802 ale sorpula quothit f
82 1740 601 1833 Car ce C est  clage
82 1798 329 1856 de caste quoto
805 1823 828 1864 n
70 1753 1392 1899 auancer  reculer la piece de Moltiplication lapieae C
47 1818 1164 1952 tuat cela estant deja fait agt  fant sentement
30 1930 144 1983 enfore
32 1864 1176 2024 multre la cheville dans le trou qui respond au gb
37 1932 1135 2095 du limbe exteerieur du contetour, qui est le timbe
45 1989 1102 2152 de la division, et toumer la manivelle en sens
55 2055 1081 2222 contraire a celur de la Multiplication cet a
47 2117 1026 2301 diri de d I vers H. de forte jus jusque
984 2276 1147 2344 intigibe
76 2180 1211 2356 a ce que la mani heville s arreste a Cobstace
510 2286 1094 2399 sond aunvifflduns
420 2333 486 2385 qu
988 2350 1221 2451 in ter
78 2329 395 2441 a l'endrvit g
597 2348 1048 2439 las puisque nons ne n
100 2410 329 2476 exterieur
770 2426 951 2490 ation,
113 2395 801 2515 Cppas tonspuis lequotent, etu
1013 2464 1176 2527 certame
568 2465 888 2544 et meme eo
92 2441 696 2546 ovulons exclure ponte la du
986 2511 1059 2566 von
288 2490 562 2554 eposser cum
41 2523 243 2593 s qastone
230 2589 377 2642 connent
67 2535 1213 2706 scccare le quotient, il fant dig en ce cas n'auoir
63 2595 1201 2768 point degard au limbe exterieu; et mais enfoncer
1034 2701 1293 2766 dans lafignuse
65 2649 1201 2826 la ohebille dans le trou qui respondan gero du liibe
717 2727 1071 2822 marquee a poin
791 2797 826 2851 un
597 2795 679 2871 nlor
181 2762 632 2902 neur  elle est, de
113 2820 144 2916 nd
30 2822 1075 2954 et tourne la manivelle comme: se t vs
74 2877 1075 3026 la cleville marchera en avansant eu egard
61 2921 1089 3075 animbe interieur, de 0 vers 1. 2. etc, _t
1065 3007 1199 3090 noris
61 2980 1102 3131 en reculent a l'egard de l'exterieur, avor
65 3092 399 3174 den ver es
304 3133 354 3193 ve
24 3108 1526 3252 la grande question est de connoistre le temps faillesser de loumer
103 3168 997 3308 de framester dont, voila. la regle
368 3209 1171 3322 ven quit a y a rieu dedonne dans lecontetour
1333 1516 1460 1592 cventre
1518 1655 1550 1718 s
1269 1722 1543 1771 ubi cont
1178 2268 1336 2358 tespudute
1162 2315 1341 2395 sravos
1024 2436 1196 2496 no
1024 2750 1341 2851 eta daisione ensate
498 3046 1288 3166 a in ictande ad llesteramte on quand il
1312 750 1743 830 + le quotient sera 16
1270 1413 1481 1499 est su
1489 3083 2064 3176 diser, a la drorte dequus tes
1316 854 2064 955 Raris a fin quon ne suit pas oblige de
1162 946 1436 1027 quple reste du no
1357 914 2050 992 Egander apres les anneunt E a chaque
1530 976 1658 1019 diviscrs
1357 966 2126 1068 toui de manivelle 'autitur a houne
1394 1030 2091 1114 in moyen de s) en dispenser, et de
1543 1073 2062 1166 se faire avertu parla
1623 1124 2109 1219 machine meme. Et c'est
1565 1172 2142 1285 pur cette jnvention u
1591 1238 2126 1322 ap egater da facilite
1206 1289 2126 1409 aisee edausipr que la division est devenue an
1588 1326 2132 1423 ela omultiplication Mas
1683 1378 2107 1458 Regle  courte
1522 1431 2101 1499 ed seus demonstration, s
1372 1464 2105 1538 a quelle on amvit dela pere ala com-
1387 1499 2128 1590 pondie est siu ae a brsa
1528 1547 2105 1627 de plus de pantes ave, la
1559 1588 2116 1666 asset prolixes ce qui nous
1545 1627 2107 1715 empeche de la mettre icu
1519 1722 2083 1773 excrces toruent arsement en bi
1860 1697 2083 1765 insee et bi
1660 1746 1710 1806 eus
1283 1757 2068 1870 si nouse supposto, que nons scachicris
1347 1814 2111 1924 desa le quotient qui est b, comme
1411 1868 2033 1973 fant devince in cartula
1361 1940 1823 2029 conteunt a la plunce
1274 1988 1392 2053 paut
1743 1961 1977 2051 Scavori qu
1314 2027 1407 2082 la rege
1331 2076 2101 2216 aussi test qu'a la fin d'un certain
1337 2136 2105 2280 tour particul de manivelle, (pas du
1329 2200 2105 2344 conte.turm ca c'est le conte tour
1320 2263 2105 2387 qui contee dont les nombas corteut
1403 2331 2091 2432 fuec de Manvelle) le nombr
1384 2414 1444 2451 ed
2060 2366 2093 2416 ad
1156 2422 1421 2495 nsiius ut
1613 2399 2095 2519 ccosse estre plus
1337 2436 1541 2529 a dibis
1326 2451 2105 2581 grand que celuus qui divise. Alors
1625 2535 1644 2587 et
1351 2519 2122 2636 regardet la nombre du limbe interiim
1351 2575 2099 2719 du conte Tour auquel la cheville
1322 2653 2101 2783 repond, quand vvus arrestetur est ant
1323 2704 2113 2834 lequet era e quotient demande
1302 2762 2095 2892 et si que csi V a quelque c hose
1303 2828 2043 2951 qui reste dans les cxlindas es
1316 2886 2074 3003 produrts, ce sera Residu de
1324 2954 2058 3061 la division, qui vous domne la
1627 3052 2089 3145 it des crifres du nombir, a
1980 3122 2120 3190 rive pas
1275 3172 1570 3250 alois vous avar
1567 3149 1866 3221 velle le divise
1633 3178 1889 3248 e dit ervist
1893 3149 2113 3234 et a dine
1227 3201 2112 3309 la pere C. ves Ga disite al unctag, de ce qui
1298 3260 1854 3319 se rait sur le papieo
1167 2004 2156 2146 sut vils unique et universelle: il faut s'arreter
1278 3009 2066 3118 Fraction a l'ordinaire: comes qui
2214 63 3214 173 jous enforceret de meme la cheille dans le tro
2971 59 3267 121 successis ement
2186 144 3245 238 de b  roue des dixaines; dans  horc
3123 133 3247 183 auste
2194 203 3300 311 de 9 danis la roue des centaines; dans le troc de 9
2179 276 3205 368 dans larone des Millonaires; dans le trou de g
2188 325 3348 447 la rove des dixaines de mille; dans le trou des
2194 389 3311 502 de la hoce dex centames de mille; claus letrou
2179 449 3327 566 de 9 dens la rone des millions; i tourmant tousjouis
2188 512 3370 634 vers l'arrest, en retrogradant eu egard aux chiffres
2175 589 3261 700 de division t exterieares, et par consequenten
2167 644 3319 764 Sens contraire de l'addition e car l'addition
2198 710 3341 824 va de p en n bla frubstraction de n en p.
2181 778 3318 887 ayant acheve de tourner, vous aurez le produit
2202 856 2645 978 on resse qus
2715 844 2999 935 10038,
3043 836 3222 922 VOn
2188 903 3279 1054 voit par la quem ta Regle de l'additum
2186 995 3313 1126 substraction se pent en peu de mots enoncer
2171 1056 3311 1188 ainsi: ayant mis la machine sur le O. daris
2179 1116 3256 1252 laddition o sur le nombre plus grand dans la
2186 1198 3245 1339 soubstraction, faites avancer tant dedents daus
2210 1262 3195 1380 l'addition d reculer dansai soubstraction
2177 1320 3341 1468 autant de dents de chaque Rue d addition, quily
2170 1359 3801 1532 a d'unites dans la colomne qu des nombres a adjonter ou a soubstraire
2188 1464 3199 1582 donnces qui repond a elle: ee qui se fait ens
2167 1522 3220 1654 enfongant la dheville mettunt oa reviont au
2177 1588 3220 1734 même, mettez les nombres a sadjonter ou a
2188 1650 3255 1775 houbstraine dans la machine ses enfongant la
2179 1697 3352 1860 cheville daxsle trou derla dent qui repon au nombre
2186 1744 3370 1928 et toumant nar ce moyen la hoce jus en retrogradant
2186 1802 3473 1969 cet a dire des grandus nombes vereles petits jusque a l'arrest
2175 1856 3426 2024 e egaro seutemt dans additin aux nombres de la roue
2145 1948 3267 2086 intericurs dans ta none set dan a soubstraction
2159 1989 3292 2156 aux exterienis, chacun dans la rone qui repond
3245 2072 3278 2113 e
3271 2078 3358 2158 mbres
2177 2072 3261 2226 a sa colomne, les nompres de la remiere colgiun
2194 2105 3273 2270 a main droite, dans la rouc des nombres; dela
2186 2142 3537 2333 seconde colomne dans sa roe des dixaines, et ainsi de suite;
2177 2222 3261 2393 enfone aut la chevitle dans le tou de. la dens
2177 2276 3484 2457 de la dite ronc qui srepond au nombre, dans la dite roue i
3438 2369 3463 2430 3t
2194 2348 3364 2525 et toumant la roue vers Tarrep en retrogradant
2204 2369 4190 2562 cet adine des nombres plus grans veis les moindres psque a ce que la cheville sdonne contre l'Arrest
2181 2480 3418 2626 ea egaro toussours dans l'addition aux nombres 3
2184 2531 3224 2692 extericurs intepieurs de la Rouc, eb dans la
3014 2601 3350 2694 Lesscommadites
2194 2630 2894 2756 Dubstraction cux exterieurs.
2194 2669 3315 2818 d'une telle operation sont assez considerables, car
2190 2729 3377 2867 ib l'efprit n'y a presque rien a Mire, il n'y a
2204 2785 3403 2925 rien a retenir dans la memoire on nespas gene par
2192 2851 3377 2984 aucum rarsonnement, ou petit, raitoement calcul par
2206 2886 3447 3046 dout on se sert pour obtenu  la somine de chaque colomne
2171 2951 3484 3118 il n'ya point d'erreur a cranidreen calcitant contant
3736 3007 3832 3057 estre
2171 3024 3348 3188 pourven qu'on prenne sentement, garde aux nombres
2181 3059 3949 3250 donpez qu'on a devant ses yeux; et enfin a plusienus nombres a soubstraits
2188 3114 4135 3293 substraction se peut d'un meme, nombre estant donnes la substraction se pourra faire sans
2186 3211 3578 3344 aucune face A addition  es aits nombres en une somme.
1153 2837 1310 2894 comme B
1116 2859 1311 2954 siporus
1137 2914 1263 2970 1003
1172 2954 1252 3022 169
3353 113 4087 203 turnant vers l'arrest par 5. 4. etc.
313 3506 1056 3565 COTFRED UILIIEIM LEIBNIZ BIBLIOTHIEK
3688 3514 4096 3572 Signatur:. L. H 42. 4. 1. 1631357
315 3572 1056 3631 NIEDERSACNSISCHELANDESBIBLIOTHER
3359 627 4069 707 par exempledans la locce des nombres
3297 1573 3949 1688 cssent successivement
3445 1672 4174 1791 + qui repond a la colomne du nombre
3553 2770 4162 2859 n di est pas meme oblige de
3560 2809 4238 2914 prendre une colomne apres l'autae
3564 2867 4246 2968 ce qui  un certam grand usage
4019 3271 4080 3326 si
3259 872 4273 997 LAREGLEDE LAdDETION Ou solubsRc
1198 1199 1569 1293 qui est a diviser
