4983 4621
1037 79 1157 148 tonum
1257 74 1514 151 quaelibet.
660 101 2436 231 Numerus est, cujus pars est unitas aut pars unitatis totum
1797 166 2415 279 itaque ipsa Untas est
632 182 1699 310 quod resolvi potest in partes unitatis.
2128 236 2405 326 Seu quod
639 228 1948 390 Numerus, et pars unitatis etiam est Numerus.
1971 297 2436 408 Homogeneum
680 297 1943 459 lodem res ed it si dicamus. Numerum ese
1943 395 2472 500 prius et posterius natura
652 423 831 533 Uenitati
1021 392 1678 544 recestarium Contingens (Certum)
800 536 1008 636 a. linum
911 464 2384 603 ossibile. Concretum. Completum sem substantia.
569 531 803 644 EademEns
659 539 2377 700 Pltens Incomponibilia. Incontollibilia. Opposita. Inferent et illatum
1640 636 1863 741 illatum
1910 623 2474 726 prius natuniet posterius
657 654 1607 765 Conditio et conditionatum. inferens et
641 664 2467 844 natura cseq Haec omnia vel absolute ve  si per se spectentur, seu si nihil
652 811 877 908 impediat.
996 734 2485 908 Prius (natura) et posterius natura. Unde resultant causa et
654 877 880 996 effectus.
1106 808 2521 962 Similia, dissimilia, Talia Talia seu Qualitatem habentia
649 883 2479 1062 similia dissimilia. Tanta seu Magn Tanta seu quantitatem
2212 957 2456 1057 Extremum
649 965 2120 1124 habentia. Totum pars. Continuum. Continens et contentum,
1440 1055 1691 1144 Extremum.
1992 1016 2431 1119 Ordo; prius et
652 1062 1391 1186 seu id cui altud inest, et cui inest.
654 1078 2464 1255 posterius variis modis (i semper explicari poterit per prius natura seu simplicit
657 1139 2474 1316 certo quodam cogno consideranti modo, ut prius  cognitione, quod est
654 1209 2479 1391 prius cujus cognitio est vatura prior, vel recte procedendo, vel saltem de facto,
1789 1273 2395 1396 Mutatio_ quasimul
654 1332 1252 1445 secundum seriem factorum.
654 1319 2479 1506 . Extntu. Quod mutatur, quod usiq sit aliquid, quod desinit esse aliquid
657 1404 2451 1563 Durans aliquandiu Quod mutatur a t empore prius posterius, simt
664 1468 2449 1632 quae tempore simul sunt. Quod incipit esse aliquid, quod desinit
670 1535 2438 1699 esse al Quorum uno incipiente, alterum desinit, vel contra. Quae
672 1594 2477 1763 quae aliqua durant per aliquod tempus. Quae aliqui simul erunt aliquando
1845 1658 2482 1784 e ex quod agit, quod
685 1691 1689 1825 aliquo temporis momento simul sunt.
662 1725 2487 1897 efficiAgere aliquid, vel conatur. Huc inferentia t priora ratura cum varicatione
670 1789 2444 1958 ita ut Agens sit causa mutationis. Patiens id quod mutatur. Seg
708 1853 2451 2030 Extensum est continuum cujus partes coexistunt et siu habent positio
657 1984 1142 2087 in extensione est situs.
1363 1920 2456 2056 positio est mede _ relatio secundum modum
664 1992 2400 2151 existendi,   talis est etiam inter ea quae non simul
682 2123 975 2202 existunt.
993 2046 2446 2184 Situs vero est positio se quo coexistentium Distantia
667 2156 1060 2269 intervallum est
1188 2102 2433 2230 Conjungit Omnia existentia inter sa positionem habent
795 2153 2456 2292 non pestetrent ut pr gradus aloris unitatis partes; accidentia ejuudem
675 2202 2464 2346 secissti a quibus si nos abstrahentes animum de conoretis  tantum loquamur
682 2248 2485 2410 reneraliter dicere possumus omnia existentia inter se habere possitione
690 2305 2456 2469 Intervallum est, cujus magnitudine astimatur diversitas positionis duarum rerum
654 2361 2418 2526 ubi notandum est temporis interceptum, Conjungens est quod continuum quod
657 2408 2341 2572 ad duo positionem habentia pertinet. Distantia est minimum conjungens
677 2449 2472 2621 intelligo autem conjungens tale, a quo nulla pars adimi potest salvu conjungentis
667 2500 2467 2680 officio ita AB AC conjungit quidem A A et B, sed si resecetur Be non
1160 2608 1342 2687 c
1522 2554 2449 2667 e quaemtem Tempus conjungens non
680 2631 1008 2734 minus conjunget
680 2592 2456 2785 nisi unicum est, at spatium eu exfensum conjungens potest ese multipter
677 2644 2469 2849 Nihil aliud locum habet in consideratione temporis, quam quod decurrit in conside
713 2700 2477 2903 ratione simplicis, lineae rectae. Neque enim tempus habet  latitudinem
1409 2770 2431 2908 vis tamen duas retutempore pariter et logo
680 2839 1206 2970 seu plures dimensiones
1976 2882 1994 2949 n
2079 2844 2479 2962 Maveri, quiester
685 2816 2426 3003 nversarum positionem differentiam integram, componet, est quasi duplex
682 2911 1668 3057 csrmenasio eds cendore ad motum. a sous notui, e
1648 2921 2418 3052 Cogitans. Percipiens sentiens,
703 3029 806 3085 lonas
770 2988 1535 3137 Altetio. Mami danire
680 2988 2436 3196 Cogitans:concipiens, sentiens; intelligens (seu
682 3047 2467 3244 distincte conciphens) percipien seu distincte sentiens (ubi notandum
1948 3165 2472 3268 Volens. Voluptas
670 3098 2390 3319 et intelligi esse signum essentiae rea verae seu possitbilitatis;  et
690 3188 1922 3373 percipi esse signum existentiae verae et auctalis)
680 3221 2474 3422 voluptatem percipiens, dolorem percipiens. Bonum et Malum atia
670 3286 2428 3488 videtur voluptas esse perceptio actionis omnis functionis sensus potentiae sese
677 3351 2546 3540 exerentis,  sive remoto impedimento, sive naucta ipsa potentia quanquam
680 3399 2589 3601 revera ipsapotentia non augeatur. Sed haec possumus interim assumere
664 3455 2551 3648 ut princt. Laetitia est voluptas universalis, ut tristitia solor universalis. anivensus
667 3553 1640 3725 ex omnibus perceptio hu simul resultans.
788 3547 2408 3750 se quuntur objecta sensumum extenorum, nema cala frigs seu
685 3606 2408 3825 qualitates occultaesive potius confuse concepta , t alor frigus
695 3663 2472 3884 madefaciens; titillans, sturefaciens etc. pro  gustu sapores vari
713 3727 2451 3938 seu tactus linguae; pro ffactu odores, pro auditu varii soni tonus
1799 3791 2456 3923 Denique pro viso colores
677 3827 1640 4010 conus atinns isque gravis vel acutus, etc.
136 1014 480 1078 Continuum est totum
146 1044 474 1142 cum  parte
136 1093 498 1183 ut indeffinite assum
138 1127 533 1229 possunt, et habent po
125 1178 498 1275 sitionem inter se. In
146 1229 513 1322 quo differt ab unita
154 1278 492 1358 et i toto intensa
141 1316 503 1431 ut potentia, calore,
164 2070 559 2174 seu mndus ditingvendi
177 2133 516 2207 noce secundum morum
164 2171 492 2254 estendi quel
156 2210 516 2305 duscemi non possunt
205 2254 482 2333 sc qualitatehe
228 2295 469 2369 quantitate
141 2331 580 2433 quae ncomus
141 2377 508 2492 panlatione discemip
2594 3293 3861 3476 ut conscri simus nos, si id nunc revera peri
2546 102 3976 228 Ja si Paucis omnia revocantur ad
3999 102 4097 164 hrc
4289 102 4810 197 li el aeratiouum Molutur ellimita
2554 195 3193 297 substantia. Attributum
3237 136 4787 277 (Status est attributum mutabile)  idem et divensum. Ulnum plua
2536 207 4395 379 quo ex iquoe aet eige negatione eqit quod sequitur aut cujus negatio sequitur.
2531 264 4474 454 Ex quo quil sequitur, aut ex cujus negatione sequitur. Prius et posterius
2526 333 4420 516 (scilicet natura) Qualitatem habens (secundum quam unum ab aliquo discerni potest,
4225 392 4333 462 Huc
3304 408 4192 528 Unc siite et distinile bphants sent
4230 431 4415 513 labens.
2528 462 3209 582 Si quodlibet ab eo consideretur.
2562 456 4184 631 smnle et  dissimile, quod est aeque tale. seu idem quatenus qualitat
2549 492 4346 690 Tantum seu quantitatem habens. (Discernuntur, quantitate sola quae
2567 521 4554 752 pr se spectata singula discerni non possunt, et tamen discernuntur si simul spectentur,
2556 580 4472 816 Quo Cui aliquid in est seu continens, quod inest seu contentum (quae duo si Eomogenea
2654 770 2929 854 it hoc est p
3016 634 4364 813 peri similia transformatione. seu possint feri similia
2541 700 4415 903 Tronstarmatione dicuntur totum et pars) (Aequalia seu aeque tanta seu quo
2526 747 4364 967 magnitudine eadem sunt eadem. Majus Minus quodi alterius parti aequale,
2618 777 4523 1014 positionem habens (seu relationem Existentiaehabens cum aliis, que madmodumu
2562 842 4415 1078 lic habt priores relationes, nempe qualitas et quantitas sunt essentiae seu formalitatis
2626 875 4441 1109 hoc modo distinguuntur, quae nec per se spectata nec simul spectata discerni possunt
2538 929 4395 1173 ea discernuntur assumtis tertiis; et omnibus tribus simuil spectatis. Itaque qualivas
2536 993 4354 1219 est in uno obserrabilis, quantitas in duobuss posi etiam posetio
2538 1052 4359 1278 qualitate similibus; positio in tribus quantitas scilicet in uno per assumtu
2546 1111 4297 1334 lterum licet simile. Positio in duobus licetu similibus et aequalibu
3129 1142 4490 1340 e Continuum est totum cum positione partes habens indefinitas.
2518 1275 2985 1401 assunto tertio.
2582 1183 4454 1440 Extremum est, quod in uno est, et ab eo quod in alio positione discerni non potest
2572 1257 4431 1483 Cartom est secundum eum positionis  modum, secundum quen elcqquedenec qui
3630 1319 4428 1471 Basis est, quod toti partique commone
2538 1386 3519 1545 in aliquo toto ejusque partibus locum habet.
3568 1363 4474 1530 Quod erol. Quod mutatus (mutatio
2533 1453 3458 1609 sse quod homogeneis commune est.)
2562 1437 4366 1658 uratio, duo status contradictorii ejusdem hinc diversitas temporis.
2947 1589 3324 1686 perius et simul.
3342 1476 4397 1645 Quaecunque  actu existunt simul existunt
2556 1604 2877 1709 tempore sei f
2549 1542 4387 1763 seu quaecunque existentiam. habent, de rum unum alio vel prius est, vel posterius
3838 1635 4466 1786 Agens, patiens. Ccctiens
2541 1583 4389 1825 vel simul ce(videm si prius est et posterius, aestimari potest quanto, seu
2531 1717 3581 1892 et effectu alicujus mutationis uniformis vestigio
2541 1704 4338 1943 Cacteri; Ages id est causum anseu inferens natura prius mutationis. Esse id quod
3298 1763 4415 1938 C est quod per sp se spectatum agit, si scilicet
2559 1881 3257 1987 rautatur est patiens. Acturiens
3637 1830 4431 1974 (Excensum est totum continuum
2544 1943 2859 2040 nnhil impediae
2908 1892 3619 2038 Exflasum. Situm habens
3306 1897 4395 2033 positio in extensis Huc et distantia, quae
2567 2002 3037 2102 cujus partes coexistum
3329 1963 4323 2097 seut cujus extremm, alterem est alterius
2559 2033 3201 2146 inggnitudo mu cog
3632 2002 4361 2110 Mutatione et Extensione
2564 2069 3440 2215 extrema ipsis communia sunt, respective
2551 2033 4454 2274 resultat Noveri stransmutari,  cujus tantum. partes moventur; hint et generationes
3809 2182 3912 2243 ho
4120 2153 4595 2259 nussen egn itua is
2546 2092 4410 2328 figur linearume figurarum.  Quiescere, motui resistere hnc durum
2554 2225 3773 2384 mole, &l itenan ec.) exentere seu Ggnaris voretr
2592 2212 4346 2433 Cogitans, (seu agens intra set (Concipiens in est cogitans aliquid  statut
2538 2274 4410 2487 id psc cagitans cum conatu pleno Volens it est conans ob cogitationem. sed affirmans
3750 2325 4241 2431 eintelligens id a
2549 2382 3727 2549 vel negas, est cogitans, ita ut actri sim acturus
2559 2349 4559 2600 distincte concipiens, na ut possim explicare in quo distincte considerare  rei notas
2574 2420 4454 2646 perciptens dicor, cum ex Statuens seu affirmans vel negans, cum praeter coceptur
2538 2487 4389 2698 accedit enuntratio. Et quidem sciendum est nos concipientes aliquid, cogitantes
2541 2521 4415 2757 tanquam quod et simul cum nostrae cogitationi t adjuncta est aliqua nostrae
2554 2585 4369 2818 perfectionis vel potentiae auctio aut diminatio habere conatum efficiendi, ut ca
3239 2631 4449 2811 Reversa ea cogitatione habere eundem conatum, nisi ea
2554 2731 3206 2872 cogitatio duret aut desinat.
2546 2698 4413 2934 conjuncta sit cum cogitatione efficiente conatum contrarium. Quod si haec saepe
2533 2752 4469 2995 contingant, oriri ex tot experimentis quasi reculas quasdam conandi aut non conaud
2533 2818 4371 3052 in oblatis experimeatis, eque eaeque vel pendentes ex nostro experimento, vel
4246 2972 4374 3044 namur
2533 2862 4464 3113 ex traditione  aliorum qui experti sunt, vel etiam eorum qui prophetarum
2559 2913 4497 3162 iister dicunt quid simus experturi. itaque statuere est paratum esse ad conatum
2541 2990 4161 3219 Esse etiam aliquid dicimus, vel ipsumque Et quaties ob aliquod phaenomenon
2567 3011 4410 3273 ita agere, ac si mox futurum st liquod inde nisi nos impediremus secuturum
2551 3090 4346 3327 esset aliud phaenomenon, und conjunctum cum adjumento, aut nocumento nostro
2603 3132 4420 3378 Potuimus id esse, et si in eo simus statu animi cogitantes aliquod
3879 3260 4361 3363 hc e sentiremus
2605 3188 4425 3432 phaenomenon (quod non putamus esse,  sed tantum imaginaur sive concisimus,
2628 3309 4359 3535 seu imaginaremur, cum conatu, ogendi ac si esset;) nos simul etiam
2585 3368 4382 3601 acturas ac si aliud esset, etiam futurum, tunc conse quentiam aliqam
2572 3419 4343 3660 statuimus, seu credimus aliquam propositionem. principia autem invemen
2567 3481 4336 3727 propositiones sunt observatio e de ratiocratio. Ratiocinatir ex
2554 3509 4526 3786 ut duobus fluit, ut contradicroria non admittamus et ut nihil, sive ratione statuamos
2585 3722 3037 3825 percupere est di
3101 3588 4443 3776 Videntur sentire et percipere, se habere ut statuere
3809 3691 4510 3830 Imaginari vel conciaere tantum
2554 3648 4369 3886 credere et scire.Sentire,  percipere, credere et scire commune
2551 3773 3635 3943 abent ipsum statuere sive affirmare vel negare
2549 3758 4495 3997 est eogtare vel imaguari vel concipcere,  co cum aliquo  socludente conatun
2549 3837 4400 4051 angendi. interdumrem nimos tenuitr imaginamur, sine conatu agendi sed tunc
2567 3902 4456 4099 revera nec concipimus sed aliquatantum ejus attribata reliqua supplentes cogitatione
3601 3948 4366 4135 Itaque rebera se adsunt aliae
2580 4020 3574 4162 coeca, seu ope nominis vellalterius Eagni
192 2577 567 2708 cle
174 3268 590 3355 recorbimus cognoscens,
156 3316 367 3398 recordatis
369 4384 1216 4459 GOTIFREDUNILHIEIM IEIBNIIZ BIBLIOTHIEI
4359 4395 4769 4464 Sionatuu:. LFI 4. 7B. 3. 1381.13
351 4461 1219 4531 NIEDERSRCHSISCHE LANOESBIBLIOTIIEN
4497 607 4805 677 Huc Numerumhaber
4541 659 4572 739 tiq
4662 644 4723 736 Gadi
4518 700 4618 828 acrd
4595 877 4739 955 mitati.
4633 813 4805 903 omverne
4690 349 4762 391 et
4531 1221 4844 1299 in fiuu sunt tater
4528 1263 4667 1337 angali
4554 1319 4595 1394 n
4638 1311 4651 1391 s
4654 1270 4775 1396 ape
4568 2159 4680 2243 pts
4536 1797 4846 1881 Extensione quenm
4559 1871 4746 1987 Vergentis
4567 1933 4787 2022 oserite
4574 2015 4846 2094 atione pluvam
4561 2071 4780 2166 ndifitaque
4628 2194 4849 2266 ilu cistirngna
4615 2279 4805 2341 et habent
4662 2246 4844 2300 inte sima
4777 2315 4803 2436 b
4523 2445 4605 2538 totrque
4718 2413 4813 2485 sel
4723 2443 4844 2531 e
4528 2518 4864 2621 +aut phaenomen
