4546 4184
274 713 1132 829 Ioicus la nonnelle construction
279 787 1088 913 qui est moiis de sujection.
275 885 918 1015 que tontes les antres
73 973 1153 1106 G. est ca rone d'addition engagee dans les dentis
72 1046 1130 1169 inegales. mononde, 30 dens. Dont tois dents
93 1111 1213 1218 avaneaus font faire le tour au pignon a troisdents H.
83 1152 1251 1283 pendant que la rone d addition fait sadixi eme parsie.
93 1206 1792 1338 Mais spendant ave le nirmon, sine fait quun tieis de son tour,s in
1923 1245 2197 1338 de la quale
123 1250 1899 1399 fnd une des dents  e t  le farsunt alter dunque e sens . 2 Prend une deut 1.
116 1308 2174 1452 g. et la mene quivant le sens 123. La rorie 18 est celle qui porte les chifres.
134 1378 2141 1513 con prbre est plante dans la plaque cd. anlien que l'arbre dela rone G est
130 1422 2250 1557 plaute dans la placuue EF tmnis les plaques cd. EF pouroient estre une senle
146 1480 2206 1617 casses epaisse bes deux arbres sout comnue un seut continue a l'egad de la siluato
158 1534 1962 1713 Ulgne divite qui passe pur lju les axes des de est l'axe des deux.
239 1587 2257 1754 arbre de 19. Portes une piece V. Con pilus cost denx pour agir antour et
195 1645 2206 1815 an retour) ln quelle allant vers 1. honche la dent h de capiere F et
220 1706 2223 1885 la fait alter vers 2 alors 1. dela peme piece F estant un peu bas
251 1771 2223 1938 pris par eg une rone du monnement general qui n'est pas interrompne
234 1829 2241 1999 et qui us passe expres pour cela et achevant de la quelee ac revant
248 1887 2197 2057 de mener 1. en bas achevera de mener deux vers M. et de faire le
262 1982 1276 2129 transport sur EIg. en prenant M.
269 2029 2220 2187 it faut observer que tout puisse renssir, en tomnant, et en
283 2096 2248 2259 retominant; c'est poniquo, les pieces. F. M. V. serout accommodees
1676 2166 2162 2268 V. er L. doubles.
320 2168 1678 2333 a peu pres comme dans premer modelle non re
332 2236 2220 2375 afin qu'an relour item an nounement in part de 1gqui luus pent
355 2287 2209 2445 aniver parte transport, il ne mene L. Ce qu'll ne doit. Ceav. il boit
362 2350 2192 2519 soutement estre mene par L et non pas le mener),i sant que
344 2405 2192 2570 les deux L. sejent un perouert, q fla que quands ils eteu
351 2452 2206 2633 repos les dents de R. (menes par des dentr de.g. passent sanc le lonche
372 2505 2190 2689 mari quand L est menes, farsant; un plus grund chemn plend an des R. C'est
374 2570 2202 2740 poniquous R. aura plus de dens et sera plus petit, et amsi les aura moins
374 2615 2199 2777 ounertes, que je ne l'ay represente. Cur quand il est mene par L. e et
1706 2668 2213 2768 F. sera aussi fait
399 2696 1585 2838 doit miner, g. il n ysa qu'une dent a mener
1669 2728 2232 2847 revita tonte lapructure
402 2763 1502 2914 eu sorte que M. ne le puisse ramener
634 2803 2223 2956 davantage, consiteeu ce que que par ce moyen le hunc
534 2852 2211 3021 est tunt a fait separe du momement primipat. Cur led
162 2921 2243 3091 le tems vlo dixieme partre du touronde G. se divise en denxparties,, untreg
1450 2977 2236 3075 faire aller e le cylindrem
390 3021 1418 3156 par exemple on unc moitie sera pour
399 3033 2236 3205 porte drifre en g. quivant l le monnement de sa ione..  antre
381 3086 2260 3270 mortie du temps secie pour le transport car, alois tout reposam en hant
406 3142 2250 3323 et se sent monnement generat demeurant. ec piere Fse honneru
423 3200 2262 3365 tamlement disposse a faiie un transport sur M par le mogen du monus
406 3340 818 3447 ment general.
890 3251 2269 3412 C'entend loru que x le cas echez. Ci'esta diic
904 3303 2188 3465 qu'v est venii pendent la premere partie du temps a
387 3396 818 3495 que qu lonc
485 3454 792 3537 disposer F
916 3365 2202 3509 atpre Are cela geere antia o
502 3430 2209 3600 davutage Mars voy enior un gronde difficulte. C'est qe
467 3482 2211 3640 2M. dg. devant faire um nonneam transport sui lesorvant, it nya
448 3528 2213 3691 poit de temp ponr cela curtont ilque enta plusienis desorte alfarie: rb
441 3640 974 3742 semble quasi impossible,
1004 3588 2183 3702 y remedier mais jre  un mogea o et d
1016 3674 1246 3740 faire toutes
1441 3647 2057 3726 aptions desines apresces autre
2062 3637 2209 3709 Mars
444 3695 839 3788 parce que quhc
523 3735 2081 3837 xe edispositioni  ou , une vistesse extra adinarie s quand ere mane ida  ix
867 3679 2174 3791 e obrection et cebte reponse in donne iun remede cur on pent farie
1053 3740 1313 3800 que tonte roue
1953 3705 2246 3791 Ape potur piendre
977 702 1129 760 e et
1169 19 2236 97 Conte rone qui est porteciffie, estant a 9 est dispo se
1199 58 2178 141 a estre anenee lory que la moitie dudi detat
1030 113 1141 172 fst
1232 95 2229 209 addition est passee et quand elle n' est plus
937 132 1178 216 inclusisi
1232 151 1839 241 engagee dun denss inegales
937 202 1011 276 lnb
1060 202 1811 297 uicette menee exective namve
1092 248 2253 339 alle qui est sur dispose casuivante a recevori une unite
818 285 2097 388 fincu du monuement generat. Et celli qui est sur 9. dispose
1741 364 2018 418 moruement ge
737 369 999 448 sunt pagna
1027 311 2218 420 frvante a recevoiu une unite dumonnant generat, en meme
1137 390 1220 443 emp
1241 374 1527 450 qu'elle en
1539 369 1704 418 devit un du
1985 362 2231 470 nonslvous
785 413 918 476 ronende
1288 397 1997 488 oblenoajces deuxchoses pronon
795 420 1192 516 enim ssindus od
1120 464 1176 525 ine
620 492 799 592 cotuncta
1020 527 1718 609 disposee en meme peps avec elle
704 567 1660 667 par telle qui in suro a rerenoir unc unite dumonuemmem
1127 606 1271 667 meral.
1311 599 1692 671 radire 29 estant sur
1071 627 1292 699 Odispose 2F
1325 639 1674 699 qnec a estre mente
976 676 1699 758 unigur par F hors que F si menee pa
1185 708 1716 774 afii que ceux deux  soyent
1199 764 1244 836 et
1246 750 1595 839 eo monem
1655 734 1981 825 e fursissaesm
2006 1008 2181 1085 lehago
2030 941 2220 1032 Sicde devvi
1335 1135 1384 1222 nn
1662 1148 1725 1211 oujo
2204 1238 2248 1294 o
1986 762 2036 834 re
2085 753 2225 799 relemen
2111 829 2232 902 vinic lid
3290 55 3769 125 22 Aoust. 1679.
2595 90 3832 218 Ces essais out isle coriiges et perfectionnes deux jours apres
2901 260 4508 392 e remarque encor quelques difficultes de conse quence
2892 395 4236 518 dans l'execution de ma machine arithmetique
3446 476 3583 553 grandes
2908 499 4459 634 Premierement la vistesse des transports fera sentir
2913 590 4497 715 de la difficulte a celuu qui tourne. Sur tout si dixou
2927 678 4115 797 douze transports, se denuoient faire tout
2918 690 4413 855 Le remede est de servir d'une plus grande ctef en toumant la machinfois.
4239 755 4373 827 preces
2901 785 4525 918 secondement il faut bie que par le mogensde transporti
2927 850 4534 1022 le cylindre Imnopq. allant sur l'arbre lingage cependant
2929 939 4525 1092 dans la rocce a dans inegales,  acheve pa eatebelit sa
2925 1004 4501 1159 dixieme partie sur l'arbre comme si l'arbre reposoit
2934 1069 4476 1234 C'est pourquoy il faut qu'il fasse un peu plus que la
2936 1138 4469 1317 dixieme partie, quand l'arbre repose qui ne fera
2946 1211 4441 1373 point de mal, car le ressort le repoussera s il va trop
2943 1292 4527 1441 avant. Or cela n'est pas fort difficile, Vvicy comm
2971 1427 3362 1538 je le congoy.
3467 1378 4522 1506 Le pignon X a six dens a roues.
2967 1455 4501 1603 en a 30. l'etoile T en a cng. Car je crou que
2969 1536 4455 1685 cela vant mieux que six. Cola estant il est
2957 1620 4494 1757 visiblet que lors que qu'une deut de l'etoile marche
2971 1708 4492 1831 on fait la cinquieme partic de son tour, eu meme
2969 1752 4471 1901 tendps de il yama six dents de la roue S. qui
2976 1822 4494 1971 avanceront, et le pignon xfera son tour sout entier
2971 1880 4513 2024 er cela ce fait pendant qui il in ya qu'une dixieme
2960 1961 4506 2103 partie de la roile G, qui marche, lors que le transpo
2957 2031 4518 2168 vient en semble et de l'arbre et du cylindre precedent
2960 2108 4515 2254 Mais quand il ne vient que  de du cylindre, ce sera
2974 2201 3820 2317 incomparablement plus viste,
3876 2187 4148 2275 Et icu
2943 2287 3387 2384 Troisiemement
3448 2254 4511 2384 Mais vvicus maintenant atroisieme
2917 2319 4480 2477 difficulte qui est tres grande, c est, qu'il semble que
2948 2389 4506 2547 la vistesse va toresjours croissant par multiplication
2948 2468 4480 2617 Cec lors qu'il s a transports sur bransports. Car
2953 2538 4520 2682 tuc pendant que l'etoile t iT sait la  cinquieme
2960 2598 4478 2747 partie de son tour. le Opignon1X fait son
2960 2670 4504 2803 tour tout entier, et par la moitie de son tour, il
2960 2747 4497 2859 fait alter sentement peu de dents de la roue 1 (10)
2964 2810 4515 2921 aee autant qu'il faut pour faire en sorte que pendant
2950 2852 4525 2989 ce temps la LV fase alter ue une deut on cinqui
2948 2933 4508 3049 eine partie de l'etbile  27. ainsi  on
2957 2996 4508 3119 pent et doit faire en sorte que precisement a letorte
2964 3070 4485 3189 la deut de l'etoile 2 Taille en meme temps que
2974 3131 4446 3270 le temps que celle de l'etoile 2T. ainss il
2955 3205 4522 3326 n'y aura point de differemes soit que le transpors
2948 3270 4515 3393 vilenne du cylindre preco precedent eue on de larbre
2962 3344 4118 3512 et cylindre prcaedent eu meme temps.
172 3426 375 3500 rajecious
29 3207 313 3316 M. sera simple
58 3277 283 3370 se co no
55 3326 344 3454 Fserd n
83 3400 202 3484 s
65 3470 358 3572 Fa cinusdents
2395 2526 2846 2615 Mais jy voy le
2420 2582 2836 2706 remede tont fait
97 3698 195 3793 15
327 3970 1118 4035 GOTTFRED NILHIEIM LEIBTVIZ BIBLIOTTIER
3964 3977 4346 4037 Sionatr: LtI 42. 4. 1. (11. 1r
320 4039 1123 4102 NIEDERSACHSISCHE LANDESBIBLIOTHEN
