2452 4250
80 80 1226 219 d est non nisi cum illis corporibus maxime
65 160 1214 302 communibus, aere terra, aqua igne, aliisque
106 229 1233 387 a quibus ipsa quam minimum patiuntur.
73 318 1280 462 aut a quibus minimm cons causarum inquisitio
77 382 1379 535 quam minimum multipliatur confunditur. Inde
73 462 1299 602 adhibita superiori qualitatum inquisitione,
101 531 1407 689 poterit determinari natura subjecti, in quantum
106 618 1442 774 ex datis experimentis possibile est; nec dubito
99 715 1396 857 hac arte intra paucos annos maximam nobis
70 807 1268 951 a nobis notitiam obtineri posse, interioris
89 901 666 1003 corporum Oeconomiae.
434 930 793 1034 ertia decima es
186 960 1436 1121 Duodecima est Scientia corporum
77 1020 1880 1220 Organicorum, quas vocare solent, species hanc possis appellare
85 1175 611 1300 quam possis vocare
739 1130 1691 1270 Idographiam. species autem
85 1220 1209 1388 pecies accurate distinguendae in classies
94 1289 1407 1445 non communi more per Dichotomias, sed sed
80 1376 1533 1530 per qualitatum quibus dignosci possunt combinationes
77 1449 1523 1593 sed ratio maxime habenda est earum proprietatum;
99 1515 2378 1669 quae statim in sensus incurrunt, caeterae autem tamen, modo exploratae sinit, non minus
106 1589 1566 1749 diligenter annotari per differentias gradusque determ
125 1681 1346 1822 designari, et indicibus exhiberi debento
113 1751 1374 1903 ubi rsuQuemadmodum autem in similaribus
103 1789 2428 1978 ita in organicis per gradus eundum est in qualitatum cum qualitates earum sunt investiuanda
82 1910 1339 2061 pmmerandae. ponendae primum eae quas habent
82 1976 1374 2129 hujusmodi species tantum sensibus oblatae
80 2030 1811 2207 (incipiendo a sen su oculorum) inde quas per se tractatae acquirunt
87 2136 1289 2280 sibi vel sibi relictae, vel igne aqua et igni
80 2207 1549 2363 (id est sibi et aeri) relectae, vel aqua et terra igni
89 2280 1353 2429 examinatae, vel aliis corporibus et primum
96 2346 1459 2505 maxime simicaribus, an demique alies examinatae;
129 2394 1788 2580 ac denique cum corporibus magis compositis, aliique imo ipsis
82 2483 1280 2684 speciebus cop et maxime cum corporibus
92 2550 1691 2741 animalium copulatae, ut ind quoniam omnis illa inquisitio
99 2651 1365 2816 maxime ad  cognoscendam animalium
87 2776 807 2911 naturam dirigi debet.
186 2814 1337 2953 Quarta decima est scientia
96 2901 1266 3052 in quantum habet alderes eo in se
101 2958 1457 3135 Moralis de Animo, scilicet ejusque Motibus.
87 3043 1570 3225 cognoscendis atque regendis. Hic Politicam jutisprudentiamque
111 3185 488 3277 comprehendo
162 3152 1700 3336 Decima sexta est Hs osmopalitica Geopolitica
115 3234 1296 3414 nempe status Generis humani de statu
111 3317 1393 3480 generis humani Telluris nostrae ad genus humanum
129 3357 1573 3527 relato, quae Historiam omnem et Geographiam civilem,
115 3496 505 3577 comprehendit.
196 3442 1518 3631 Decima octava est de substantiis incorporalibus
99 3562 982 3730 sive Theologia naturalis.
264 3636 1722 3799 Huic Encyclopaediae subi icienda est Practica nempe
127 3716 1360 3872 sise de Usu cogni scientiarum ad felicitatem
160 3770 1516 3945 sive de agendis. Considerando scilicet, quod nos
252 3874 1064 4034 ipsi homines sumus.
1504 37 2322 170 Duoderima est Cosmographia
1533 96 2331 233 seu scientia majorum Mundi
1537 181 2402 290 corporum Hic tradenda est
1549 247 2357 384 Astronomia Physica, quae non
1580 325 2409 432 tantum phaenomena explicet
1594 391 2378 500 per Hypotheses sed et conetur
1485 467 2385 578 ostendem esiguare quae Hypothesis sit
1542 535 2392 625 verior aut certe probabilior. Huc
1561 592 2404 696 pertinet cognitio Fluidorum genera
1601 651 2407 757 lium visibilimm atque invisibilium
1611 717 2395 816 nos ambientium, ac penetran
1681 772 2348 866 tium, in quibus magna
1800 819 2371 911 silla corpora natant
1795 873 2407 989 quaerendaqmque sunt est an
1932 932 2402 1036 horum fluidorum
1979 1003 2414 1093 species  ar
1991 1067 2376 1156 motus aliqua
1941 1109 2418 1215 rationr ex corporu
1792 1175 2418 1263 mmmdanorum ahaenomius
1727 1230 2409 1324 definiri possint. Huc pertinem
1618 1289 2296 1369 etiam contemplationes
1651 1345 2345 1430 nostri mutationibus majoribus ea
1658 1400 2416 1503 causis, itemque Meteorologia.
1606 2106 2385 2217 vel aliis sibi similibus individuis.
1646 2172 2418 2276 conjunctae (nam in eo differunt
1651 2245 2430 2364 a similatibus) vel aqua ignive
181 4124 597 4172 COTTFREO VUITNEIM LEIBI VZ BIBVIOTIEI
1856 4127 2241 4181 Signatur: LH 4. S. 7. 1101.5
172 4153 595 4214 MEOENS ACNISISCHE mBOESBIOUO
