4843 4242
2978 64 4817 164 Exhalatio emissio aëris veluti per habitum. tenuium spirituum, qui per aestum maximum ter
2981 127 4819 240 diffusa exhalantur, sorsum it aërem sublatioJ. L sunt effluvia, corpascula scilicet tenuia eter
2988 193 4826 313 et aquis extracta et varias sustinentia impressiones L. P. vaporum e terra vel aqua ejectio vel e
2983 263 4067 374 gressio, vel mediante sole eductio, et in aërem ascensio.
2988 374 4817 501 Exilis tenuis, ut ina. ina autem est pars chartae tennisima. in angustum coactum, quod po
2983 445 4708 563 est per angustum transire H. quod ex solis ilibus constat, quod parvae est quantitatis.
2983 534 4812 671 sxistere cum motu eminere et superesse, prodire vel exsurgere. J. L ex Valla. actualem habere es
2985 598 4802 725 sentiam, qua res hic et nunc est, id est, in certo loco et tempore L. P. actum essendi sive actualitater
2983 655 4802 782 habere, qua res extra causas sistitur L. P. epotentia in actum transiisse; habere ea, quibus res ejus
2983 718 4581 820 modi necessario instructa esse debet. Sic res rationalis existit, quando ratiocinatur.
2985 805 4814 963 Exlex qui sine lege vivit. J. L qui est sine lege M. qui legi non subjectus est, vel se legi non subiici
2985 914 4798 1046 Exorcismus est adjuratio, cum homini daemonive cuipiam magico carmine vel efficacibus S. script
2988 975 4788 1095 rae verbis necessitas imponitur proloquendi ea, de quibus rogatur. J. L. quo quis ex regno et potestati
2995 1032 4805 1150 latanae eximitur L. P. invocatio nominis Tesu vel super baptizandos, vel eos, qui aspiritu immundon
2983 1093 4814 1208 xantur, ut cedat. L. P. ex Isidoro. vel, est adjuratio diaboli, ut vel a corporaliter obsessis exeat, vel
3007 1157 4802 1277 piritualiter potestati suae subjectos relinquat, nec eos adpeccata incitet aut in pericula, des
2990 1260 4119 1364 Exoriri incipere esse, de novo existere, ex tenebris prodire.
4720 1246 4810 1305 alat.
2990 1348 4807 1475 Explicatio allegatio infirmans supplicationem, et est pro actore contra reum H. plicarum amotio, a
2990 1416 4784 1543 plicis evolutio, perspicua indicatio, quid ressit; clara enarratio obscuritatum in relatentium.
2988 1510 4736 1652 Expugnatio post pugnam sive obsidionem et praelia commissa occupatio sive in potestatem:
2992 1604 4267 1701 Exter advena ex aliena terra J. L. qui ex alia ditione ad nos venit.
2995 1706 4819 1852 Extinguere efficere tangendo; ut ignis non amplius urat, vel rebus incensis injicere materiam qua
2992 1776 3714 1875 dam, ut ignis a vi urendi impediatur.
3002 1849 4805 1981 Exilium privatio soli patrii J. L. ejectio eterra patria et in eam non permissus accessus. vel quani
2997 1932 4628 2033 quis e terra, quam huc usque inhabitavit, exsilire sive egredi, et alio se conferre jussus est,
2992 2017 4807 2146 Exuere indumenta detrabere H sutis sive vestibus se nudare; indumentum ab artubus, qui eo
2990 2090 3431 2179 tecti erant, removere.
2992 2172 4819 2293 Faber omnis artifex, qui labore corporis aliquod artificium facit, sive qui è quavis materia facit aliquid
2997 2245 4784 2344 ex cepto gypso, argilla, cera et similibus J. L. qui ex ferro aut data quavis materia aliquid facit H. qui
2997 2302 4807 2410 quavis materia dura aliquid facit. M. qui fabrilia tractat, vel qui ex materia duriori instrumenta
2997 2375 3223 2465 vitae parat.
2997 2453 4805 2549 Fabula res passim vulgata etiamsi vera sit; it. in qua nec vera, nec verisimiles res continentur; vel res
2995 2509 4814 2630 ad utilitatem sive delectationem hominum conficta J. L. vel, est sermo falsus, per quem veritas aliqua e
2997 2573 4088 2677 primitur L. P ex Arist. vel narratio rei fictae acsi gesta esset.
3000 2670 4812 2769 Facetus qui facit verbis, quod vult. P ex Donato. qui verbis est venustus, gratiosus dictis. qui jocos et lutus
3002 2731 4824 2839 gestibus et factis commendat. ex Isid. elegans in dicendo et delicias quasdam sermonis habens M ex Perot
3002 2790 4359 2896 in loquendo gratam venustatem observans, et nonnunquam jocos admiscens.
3000 2879 4807 2985 Facere dicitur, qui rei, quam facit, faciem quandam imponit. qui vas facit, vasis faciem illi imponit. Agen
3007 2945 4798 3040 ex istimatur, qui aliquid ita operatur, ut nullum extet opus, quod subsensum cadat. J. L. ex Sipontino. Fac
2995 3000 4802 3103 tantum refertur ad opera, quae corpore efficiuntur. P. in opere esse: efficere perfectionem designat H. in et
2997 3073 4336 3155 ctu quodam corporeo producendo occupatum esse; laborando se exercere.
2997 3141 4777 3254 Facultas focilitas rerum agendarum. J. L ex Festo. vel est vis quaedam, quae facit, ut id fieri possit,
2997 3214 4755 3315 de unaquaque arte praecipitur J. L. potentia agendi, vel potentia, qua quis utrumque potest. L. P
3002 3278 4800 3381 litas agendi H vel est potentia contraria circa eandem rem agendi, vel potentia actiones
3000 3341 4732 3471 quasdam ad finem aliquem ordinandi, ita tamen ut fine illo excidere possimus.
3000 3452 4805 3598 Falx instrumentum secandi M qua secantur frumenta, herbae et similia J. L. vel est instrum
2997 3530 4209 3631 tum ferreum curvum et acutum ad fruges desecandas.
3004 3615 4802 3754 Fax excrementum cujusque rei J. L. id quod subsidit et concrescit in liquoribus. vel crassa
3007 3681 4807 3796 mentum illud, quod in oleo, vino et similibus liquidis subsidit. vel quae se mergendo infundo vasis
3010 3737 4814 3868 affigit M. vel sunt impuritates vini vel cerevisiae fundo dolii incumbentes, et fermentum quo
3945 3808 4423 3876 dam secum vehentes.
4183 4029 4652 4093 Signatuur: LHI 4. 7D. 2. (2871. 267
346 4015 1201 4081 GOTTFRED NILHIEIM LEIBNIIZ BIBLIOTTIEX
334 4093 1204 4152 NIEDERSACHSISCHELANDESBIBLIOTHEK
4666 63 4685 98 s
