4822 4244
2546 75 4711 235 Adolere est in odorem incendere vel odorem spargere M vel lignum, cui sacificium impositum
2581 167 3701 275 accendere sive materiam fragrantem accendere.
2552 299 4619 478 Adolescens qui od huc orescit M qui annos pueritiae reliquit P. vel nonco, qui ad vigesimum aetatis
3834 433 4220 518 annum pervenit.
4239 433 4329 488 d
2537 502 4623 697 Adoptare est actus legitimus, per quem filius a patris naturalis in ad optivi familiam transfertur P.
2662 596 3921 733 in filium eligunt. vel in filii locum aliquem suscipere.
2530 728 4470 891 Adoriri ex insidiis et e proximo aggredi P. accedere ad aliquem festinanter, ut vi adhibis
3461 822 3848 907 ipsi noceamus.
2524 886 4475 1058 Adorare oratione laudare atque honorare D vel honorare humilitate, fiduid, invocatione
2758 969 4484 1141 gratiarum actione, frequenter humili submissione M. Vel cultu ex terno testant, quod
2784 1046 3871 1169 aliquem datorem bonorum quorundam agnoscamus.
2520 1178 3473 1301 Adesse est eodem loco contineri, quo alter
2523 1329 4437 1487 Advena est, qui ex alia regione venit in nostram viciniam. D. vel qu ex coco remoro
2515 1461 4468 1643 Adulterium est delictum re venerea ad versus legitimum matrimonium commissum d
3749 1442 4058 1530 huc concessit
2570 1558 4435 1709 vel est ruptura conjugii, pecaatum in fidem conjugii, accessio ad alteram sive aliam
2598 1633 4555 1777 personam, quam lege licet M vel est concubitus illicitus cum nupta muliere, quasi ad alteriius
2607 1699 4258 1829 torum accessus P. Vel violatio conjugii, vinculi matrimonialis ruptio.
2513 1815 4572 1964 Ades domus Deo sacrata. vel exstructio arte facta ad coeli tempestates evitandas et commode
2511 1978 4623 2169 Ager infiemus morbo vel qui agitur infirmitate vel tristitia ad tempus M. Popma: ager et anim
4001 1940 4296 2013 habitandum.
2570 2067 4593 2230 et corpore laborat. postea vero: AEger animo, aegrotus corpore. Vel cujus animus aut corpus male
2603 2145 4555 2289 se habet atque dolores quosdam persentiscit. cujus animus aut corpus non est in eo statu, quem
3633 2221 3992 2322 natura requirit
2501 2291 4602 2487 Aemulari est studere, ut aequamus aliena bona vel superemus. D. vel est ad bonum, quod alter
2926 2381 3525 2470 jam obtinuit contendere.
2513 2489 4522 2680 Anigma interrogatio sine interpretatione sive claritate D vel oratio obscura rem notam
2558 2586 4597 2786 quam significat, Ambagibus tegens M. ex Scalij. Vel quando indicium rei multis obscuritatibu
2718 2669 4399 2843 involvrtur, vil sermo per ambages et figuras ad rei cognitionem nos ducens.
2506 2782 3746 2944 Aqualitas quando alterum alterius staturae par est
3789 2852 4458 2992 vel est inter ea, quae sunt ejus
2508 2959 4128 3112 AEquanimitas est constantia in ira D. est in ignoscendis vitiis atque delectis
2544 3036 4312 3204 infortuna secunda animum nimis extollit, nec eum in adversa nimis despondet
4220 2954 4477 3053 quantitatis
4152 3055 4458 3157 vel quae nec
2487 3164 4510 3381 Aquilibrium medietas gravitatis D. est inter ea, quae sunt ejudem ponderis sive gravitatio
2480 3319 3970 3487 AEquitas jus aptum laevitati D. quando non sequimur dergistodixajor
2551 3406 3650 3524 et pacis retinendae gratia cedere de pure nostro. M A
2558 3470 3909 3623 est juris ea ex plicatio, quae presenti statui convenientissima est
4006 3402 4522 3539 parati offensionis cavend
2467 3583 4501 3758 AEquinoctium medietas tamporis inter lucem et tenebras D. vel est, quando sol ad aequatorem
2536 3663 3510 3797 accedens noitem atque diem aequales facit.
334 4022 1202 4081 COTTFRIED VILHIEIMLEIBTIIZ BIBLIOTHEK
4168 4024 4652 4097 Signatur. LtI 4. 7D. 2. 12431 31
325 4093 1204 4154 NIEDERSACHSISCHE LANDESBIBLIOTNEK
