4853 4269
3009 123 4779 249 Bextera, qua capimus, sinistra qua sinimus. est manus agilios et potentior ob sangrinis
3007 199 4803 298 fontem in epate, quod in dextro latere. M vel est manus, qua in operando sumus promtiores; vel
3007 270 4622 372 quae rectis oculis orientem respicienti in parte corporis, plagae australi opposita, est.
2998 369 4817 488 Diabolus qui perpetuus est in mortalibus accusandis et calumniandis L. P. vel angelus apostato
3000 431 4812 557 princeps malorum spirituum, qui Dei et cultorum ejus dicta et facta pervertit ac calumni
3009 495 4810 607 tur. M. vel est spiritus a Deo ob malitiam suam aeternae damnationi ad dictus, omni conatu,
3005 566 4807 668 creaturarum rationalium perniciem quaerens, nec tamen se ultra Dei concessionem movere vo
4717 633 4798 694 lens.
3005 671 4805 799 Diadema ornamentum capitis Regum insigne, vel fascia candida, quae Regum capititus obb
3002 742 3942 851 gabatur J. L. vitta capiti obvoluta M ex Scalig.
2993 858 4793 1005 Dialogus oratio, in qua disputantes introducuntur, quot quot auctori libnerit. J. L sermo
2993 936 4796 1081 aliquorum disserentium M. sermo, qui inter quosdam habetur, habitus est, aut habitus
2993 1003 3278 1109 esse fingitur.
2986 1090 4805 1228 Dineta vivendi modus ac lex J. L. edendi modus et institutum M vel est observatio cert
2991 1162 4815 1304 modi in victu assumendo vel regula determinans, quis, qualis et quantus victus esse debeat
2981 1247 4798 1418 Diameter est recta linea, figuram, qua longissime patet, ex aequo secans M. est recta lin
2981 1328 4822 1489 in circulo, ducta per centrum, et ex utraque parte in circuli peripheriam terminata, circu.
2981 1389 3543 1496 lum secans bifariam. L. P.
2983 1465 4250 1624 Diarium, diuenus servorum cibus, qui in unum diem datur
2983 1541 4229 1688 tur aut extat, quicquid singulis diebus certi temporis actum est.
4297 1548 4826 1707 vel liben, in quo consigna
2986 1638 3448 1755 Dico voce significo M
2986 1712 3455 1804 certum edunt sensum.
3486 1669 4822 1861 ensa animi manifesto. vocabula quaedam ore profero, quae conjuncta
2976 1797 4819 1994 Dies spatium temporis, quo sol ab oriente ad occidentem supra terram devolvitur. L. P. tempus; qu
2986 1878 3633 1975 sol supra horitontem nostrum est.
2979 1961 4822 2141 Differre in diversas partes ferre J. L. ad idem genus vel eandem speciem non pertinere, vel non essi
2979 2039 4819 2203 ejusdem numeri L. P. vel aliam naturam, vel rem quandam, quae in alia non reperitur, habere.
2983 2103 4283 2241 vel proponere sibi rem, quae nunc agenda erat, alio tempore agere.
2972 2186 4807 2355 Dignitas est ex istimatio, quae satis claret rebus gestis, magnificaque opinio. vel est alicujus honesta
2974 2260 4819 2438 et cultu et honore et verecundia digna auctoritas J. L. ex Auit ad Herenn. vel est honot; quo in socie.
2972 2321 4141 2452 tate civili persona, officium quoddam administrans, splendet.
2969 2409 4793 2585 Diluculum tempus, quo dies lucescere incipit. J. L. tempus, cum dilucescit M. vel est prim
2969 2480 4824 2653 lux matutini temporis, quae a solis, adhuc sub hori zontae latentis, radiis in aere crassiore repercus
2962 2537 3199 2632 sis oritur.
2957 2615 4831 2765 Diluvium, quod varie diluit J. L. vel est aquae multae super terram effusio, eam misere vastans, ac
2953 2684 3436 2791 quae in ea sunt, perdens.
2957 2767 4815 2917 Dimidium pars dimidiati altera J. L. pars rei divisae per medium, vel pars rei, quae magnitudi
2969 2848 4169 2947 sua quantitati caeterarum partium ejusdem rei aequalis est.
2957 2929 4826 3080 birigere obliquum emendare J. L. rectum facere M. juxta certas leges aliquid ordinare, ad
2957 3016 3871 3111 certum scopum rem aliquam determinare.
2957 3076 4817 3246 Disputare valde purum facere J. L ex Varrone. putum facere superfluum quid putando. rem aliquam
2962 3159 4786 3287 hinc inde collectis rationibus agitare, ut veritas tandem cognoscatur. conferre, quae distincte hic aut ille
2962 3215 4822 3346 putat, sive diversas opiniones, allatis utrinque argumentis H. sententias suas discrepantes sermone
2955 3265 4826 3417 inter se expendere. vel rem aliquam confitmare diversis in eum finem allatis rationibus, iisque, quae ob
2953 3332 3346 3438 ci possunt, rejectis.
2945 3422 4822 3555 Divortium quo in diversas partes eunt, qui distrahunt matrimonium J. L. separatio a nexu conjugii, dis
2943 3493 4542 3607 tractio matrimonii. H. ruptura corjugii, qua unusquisque conjugum divertit, quo placet.
2941 3583 4826 3728 Dolare asperitatem complanare, materiam aliquam aequare M. rem asperam dolabra laevigare.
2948 3673 4824 3804 Dolus fraus sive machinatio, quae fit ad fallendum aliquem J. L. cum aliud est simulatum, aliud actum J. L. ex
2948 3749 4824 3842 dolus malus juxta Labeonem) est omnis calliditas, fallacia, machinatio, ed circumveriiendum, fallendum, decipiendum
2943 3797 4819 3891 alterum adhibita. Dolus delictum, cujus nomine agitur civiliter. vel est, culpa malitiosa ex animo ladendi profecta et cu
2932 3830 4278 3917 fraude conjuncta ad alterum decipiendum. L. P. vel qua aliis falsam sententiam de re persuadenuo
4262 3856 4806 3920 vel obtrudiuus ea, quae indatinum iosor
346 4046 1207 4105 OOTTFRIED MILHEIM LEIBNIZ BIBLIOTHIEK
4193 4053 4658 4117 Signalur: LFI 4. 7D. 2. 12801. 21V
339 4117 1204 4178 NIEDERSACHSISCHELRNDESBIBLIOTHEK
4644 92 4734 165 22
