4891 4264
3061 142 4322 239 Bacca fructus minutus fruticum aut arborum quarundam.
3061 241 4857 393 Balbus qui impeditae est linguae ita, ut in una voce saepe haereat nec eam commodè proferre
3059 315 3210 419 possit.
3056 381 4310 492 Balneum est locum, ubi corporis sordes abluimus sanitatis gratia
3059 476 4568 599 Baptismus est sacramentum fidei Christianae, quo homo illi initiandus aquâ asper
3049 556 4580 663 Dei, remissionem peccatorum, spiritum sanctum atque spem vitae aeternae conferens.
4713 551 4853 637 ratiam
3059 646 4030 750 Barba sunt pili circa mentum et os procrescentes
3063 736 4829 871 Barbarus, qui difficulter, asperè ac duriter loquuntur; vel qui crassè loquuntur. J. L ex Strabo
3056 814 4850 949 Barbari dicebantur antiquitus omnes populi exceptis Graecis. ex Festo. qui extra nationes bonos
3056 878 3997 978 mores atque studia literarum colentes natus est.
3061 990 4864 1137 Barritus vor Elephanti J. L. vel est clamor, qui ipso fervore certaminum a termi susurro
3066 1054 4857 1217 exoriens paulatimque adolescens ritu ex tollitur fluctuum cautibus illisorum M ex Ammi
3056 1153 4853 1340 Basium est pudici affectus significatio H. oris ad alterius os applicatio, amoris indicandi
3054 1238 3232 1357 gratia.
3056 1336 4696 1485 Batillum ferreum instrumentum, quo pruna colligitur, ad similitudinem palae J. L
3056 1445 4857 1591 Beatitudo status et conditio entis rationalis perfectissima, in qua anima obtinet, quae ad nato
3054 1516 4855 1646 rae suae praestantiam et dignitatem attinent. vel est visio et fruitio Dei cum delectatione et per
3059 1575 4834 1712 fecta quietatione intellectus et voluntatis, nempe cum Gaudio de veritate et amore Dei perfect
3054 1639 4454 1760 L. P. vel est status tanta felicitate abundans, quantam optare possumus.
3049 1750 4791 1914 Benignitas est clementia seu humanitas morum, qua propendemus ad omnes juvandos. L.
3047 1833 4661 1982 qua vel nostra sponte aliis benefacimus, vel orantibus nos, libenter gratificamur.
3047 1966 4215 2082 Biblia sunt complexus omnium litrorum a Deo inspiratorum
3047 2034 4218 2160 rum, qui a viris piis ecclesiae Veteris Iudaicae confecti sunt.
4229 2004 4831 2139 tum etiam nonnullorum alio
3045 2129 4845 2309 Bilis flava dicitur cholera, humor calidus et siccus respondens igni, quodd gustum amare
3047 2207 4827 2364 ex tennioribus chyli partibus in hepate generatas, et in vesicula fellis collectas, ataue inde per et
3049 2269 4831 2437 lodochum meatum ad finem duodeni intestini delata. bilis atra dicitur melancholia, hun
3045 2330 4789 2518 frigidus et siccus, acerbus et ingricans, ex terrestribus chyli partibus in hepate productus, et
3035 2402 3367 2480 liene attractus.
3035 2494 4864 2707 Bilanx instrumentum, quo res cum lancibus ponderantur. J. L. vel est libra, qua res in dua
3035 2584 3687 2698 bus lancibus ponderantur. M
3040 2674 4845 2859 Bitumen oleosus succus, multa aëreâ et igneâ substantiâ temperatus et flammmam facile a
3026 2755 4796 2918 cipiens L. P aliud est liquidum, aliud fossile. vel secundum M. alibi limus, alibi terra.
3037 2842 4812 3034 Blaesitas qua quis inter pronunciandum aliquam literam aut excludit aut male prof
3035 2930 3931 3044 H. qua voces cum sibilo quodam proferuntur.
3037 3013 4805 3202 Blanditiae sermones, quibus aliis grata dicimus; sive quibus dicimus, vel bona iis adesse vel e
3030 3098 3592 3202 certissime esse expectanda.
3035 3190 4838 3366 Blasphemia sacrilega infamatio vel obtrectatio nefaria J. L ex Budaeo. vel est gravissimum pec
3026 3266 4791 3411 catum et genus infidelitatis, quo Deo attribuimus, quae ei nullo modo convaniunt, aut id ei de
3018 3314 4803 3482 himus, quod illi competit. L. P. vel sermo Dei majestatem ledens prolatus vel contra essentiam
3026 3385 3675 3477 vel attributa vel operationes ejus.
3023 3456 4831 3626 Botrus in racemo connexae plures unae: ramulus, unde acini dependent. M vel fructu
3018 3539 4149 3667 multi simul congregati, velut uvarum M ex Papia.
3023 3633 4834 3780 Braccae vestis fluxa intonsaque ac varii coloris, qua utebantur frigidioris plagae homines J.
3018 3702 4843 3839 tunica, quae sago imponebatur. M. ex Dalec. in Plin. vestis inferior ventrem et lumbos cin-
3023 3761 3729 3887 gens, et inde infra genua demissur.
348 4034 1213 4105 OOFTFRED NILHEIM LEIBNIZ BIBLIOTHIEK
4232 4046 4694 4112 Signatur: LFI a. 70. 2. 12001.11V
331 4112 1213 4178 NIEDERSACHSISCHELANDESBIBLIOTHEK
4684 120 4767 193 L
