<?xml version="1.0" encoding="UTF-8"  standalone="yes"?>
<PcGts xmlns="http://schema.primaresearch.org/PAGE/gts/pagecontent/2019-07-15" xmlns:xsi="http://www.w3.org/2001/XMLSchema-instance" xsi:schemaLocation="http://schema.primaresearch.org/PAGE/gts/pagecontent/2019-07-15 http://schema.primaresearch.org/PAGE/gts/pagecontent/2019-07-15/pagecontent.xsd">
  <Metadata>
	<Creator>escriptorium</Creator>
	<Created>2026-01-14T16:10:28.562041+00:00</Created>
        <LastChange>2026-01-14T16:10:28.562080+00:00</LastChange>

  </Metadata>
  <Page imageFilename="LH_42_4_1_0018r.jpg" imageWidth="3866" imageHeight="2629">

    
    <TextRegion id="r5"  custom="structure {type:MainZone;}">
      <Coords points="2063,101 2050,168 2144,230 2253,267 2285,392 2316,992 2329,1125 2330,1126 2329,1132 2347,1320 2352,2033 2356,2091 2340,2184 2349,2278 2459,2327 2914,2311 2943,2280 3491,2243 3756,2220 3854,2180 3864,2050 3858,1853 3852,1419 3862,1241 3851,770 3852,416 3852,223 3862,125 3839,30 3565,29 3033,34 2650,38 2144,36"/>
      
      
      <TextLine id="eSc_line_a2cb40ee" custom="structure {type:default;}">
        <Coords points="3785,43 3771,42 3756,42 3741,40 3727,40 3712,39 3697,39 3683,37 3668,36 3654,36 3639,35 3624,35 3610,35 3595,35 3581,35 3572,35 3554,46 3541,55 3468,55 3458,48 3445,36 3434,37 3420,37 3405,37 3398,37 3396,37 3395,37 3395,39 3394,39 3391,42 3394,100 3394,112 3429,122 3430,122 3432,122 3527,111 3540,109 3547,111 3584,116 3585,116 3629,109 3651,105 3667,108 3686,112 3687,112 3689,112 3690,112 3695,108 3703,102 3816,105 3817,84 3814,45 3800,45"/>
        <Baseline points="3394,100 3817,84"/>
        <TextEquiv conf="0.9639629354843726">
          <Unicode>ilaes il fuuc</Unicode>
        </TextEquiv>
      </TextLine>

      
      
      <TextLine id="eSc_line_186b00af" custom="structure {type:default;}">
        <Coords points="2364,1133 2447,1121 2507,1127 2508,1127 2510,1127 2537,1114 2581,1118 2583,1118 2584,1118 2618,1110 2656,1117 2657,1117 2710,1105 2768,1115 2770,1115 2771,1115 2970,1093 2999,1102 3001,1102 3002,1102 3084,1088 3166,1091 3167,1091 3240,1080 3266,1092 3268,1092 3269,1092 3490,1082 3494,1082 3740,1057 3828,1066 3829,1044 3825,997 3737,1010 3708,1003 3697,1000 3696,1000 3695,1000 3693,1000 3681,1004 3661,1012 3646,1006 3636,1001 3635,1001 3633,1001 3632,1001 3630,1001 3622,1007 3607,1016 3565,1010 3519,1004 3518,1004 3516,1004 3497,1015 3481,1023 3361,1028 3340,1022 3307,1015 3306,1015 3304,1015 3303,1015 3302,1015 3284,1025 3278,1029 3261,1026 3228,1022 3227,1022 3226,1022 3207,1029 3193,1036 3047,1042 3036,1039 3006,1029 3005,1029 3003,1029 2797,1038 2796,1038 2795,1038 2771,1053 2767,1055 2751,1054 2716,1051 2714,1051 2659,1060 2641,1061 2634,1061 2556,1050 2555,1050 2464,1069 2425,1055 2423,1055 2422,1055 2420,1055 2361,1074 2364,1104"/>
        <Baseline points="2364,1104 3458,1048 3829,1044"/>
        <TextEquiv conf="0.927184970148148">
          <Unicode>les denss derla dents inegalesi . En deuxieme lier le  cylindo</Unicode>
        </TextEquiv>
      </TextLine>

      
      
      <TextLine id="eSc_line_2c61d4b3" custom="structure {type:default;}">
        <Coords points="2359,1178 2453,1178 2453,1177 2454,1177 2467,1172 2510,1161 2572,1168 2584,1169 2586,1169 2587,1169 2593,1168 2628,1156 2701,1159 2702,1159 2704,1159 2729,1152 2768,1161 2786,1164 2787,1164 2846,1161 2847,1161 2860,1156 2895,1145 2935,1153 2952,1156 2954,1156 2979,1152 3037,1139 3107,1146 3141,1149 3142,1149 3144,1149 3160,1143 3179,1137 3193,1142 3204,1146 3205,1146 3207,1146 3307,1142 3309,1142 3310,1142 3316,1137 3332,1127 3395,1124 3491,1130 3503,1130 3505,1130 3506,1130 3509,1129 3527,1121 3579,1124 3581,1124 3648,1114 3681,1121 3699,1126 3700,1126 3702,1126 3722,1120 3760,1110 3788,1117 3791,1093 3784,1057 3769,1069 3697,1070 3657,1063 3635,1060 3633,1060 3578,1067 3490,1079 3452,1073 3421,1069 3420,1069 3385,1076 3347,1085 3247,1083 3136,1080 3135,1080 3134,1080 3112,1089 3097,1095 3075,1091 3043,1085 3041,1085 2992,1093 2965,1088 2964,1088 2963,1088 2854,1101 2809,1108 2743,1108 2739,1107 2720,1098 2719,1098 2717,1098 2716,1098 2714,1098 2700,1108 2695,1112 2635,1114 2615,1112 2532,1105 2530,1105 2529,1105 2496,1118 2492,1120 2486,1118 2442,1110 2441,1110 2439,1110 2412,1123 2410,1124 2356,1124 2359,1162"/>
        <Baseline points="2359,1162 2532,1146 2888,1127 3791,1093"/>
        <TextEquiv conf="0.9880463590988746">
          <Unicode>mebile lmnopgs. du dit arbre receit i transpat de dla cylindre de</Unicode>
        </TextEquiv>
      </TextLine>

      
      
      <TextLine id="eSc_line_ed1eede5" custom="structure {type:default;}">
        <Coords points="2342,1226 2505,1221 2507,1221 2508,1221 2524,1212 2695,1212 2697,1212 2698,1212 2742,1196 2850,1200 2852,1200 2853,1200 2881,1188 2967,1187 2998,1199 2999,1199 3001,1199 3275,1172 3489,1174 3490,1174 3528,1166 3565,1174 3566,1174 3567,1174 3569,1174 3570,1174 3588,1162 3648,1165 3649,1165 3651,1165 3670,1156 3696,1168 3697,1168 3699,1168 3822,1162 3822,1143 3817,1104 3715,1108 3714,1108 3712,1108 3690,1120 3532,1118 3529,1118 3528,1118 3527,1118 3481,1127 3453,1121 3440,1120 3439,1120 3437,1120 3436,1120 3433,1123 3426,1127 3405,1124 3392,1123 3391,1123 3389,1123 3382,1126 3357,1136 3261,1139 3246,1133 3237,1129 3236,1129 3234,1129 3233,1129 3231,1129 3224,1133 3220,1136 3212,1134 3198,1130 3196,1130 3195,1130 3157,1137 3129,1142 3116,1139 3097,1134 3096,1134 3094,1134 2998,1142 2996,1142 2983,1146 2961,1152 2887,1150 2850,1150 2849,1150 2795,1155 2723,1162 2716,1159 2698,1152 2697,1152 2695,1152 2694,1152 2670,1162 2662,1165 2646,1164 2597,1156 2596,1156 2594,1156 2568,1166 2561,1169 2542,1168 2466,1162 2464,1162 2463,1162 2431,1174 2426,1177 2339,1178 2342,1216"/>
        <Baseline points="2342,1216 2473,1199 2840,1178 3557,1149 3822,1143"/>
        <TextEquiv conf="0.969022789236271">
          <Unicode>l&#x27;arbre precedent, on non Le transport se recoit ainsi le cylindre</Unicode>
        </TextEquiv>
      </TextLine>

      
      
      <TextLine id="eSc_line_2364fc11" custom="structure {type:default;}">
        <Coords points="2349,1282 2464,1267 2495,1276 2496,1276 2498,1276 2581,1272 2583,1272 2584,1272 2597,1261 2643,1269 2647,1269 2648,1269 2650,1269 2651,1269 2681,1257 2806,1260 2822,1260 2824,1260 2825,1260 2830,1258 2885,1242 2987,1240 3012,1247 3014,1247 3015,1247 3094,1234 3135,1242 3136,1242 3138,1242 3139,1242 3155,1232 3224,1238 3240,1240 3242,1240 3243,1240 3250,1237 3283,1225 3309,1234 3313,1235 3315,1235 3316,1235 3328,1234 3392,1218 3781,1209 3781,1190 3778,1155 3681,1164 3673,1159 3662,1155 3661,1155 3659,1155 3658,1155 3632,1161 3597,1153 3595,1153 3594,1153 3551,1166 3534,1171 3513,1168 3480,1164 3478,1164 3477,1164 3458,1171 3446,1175 3389,1175 3318,1174 3316,1174 3315,1174 3303,1180 3294,1184 3120,1191 3110,1190 3069,1180 3068,1180 2876,1196 2856,1190 2854,1190 2853,1190 2852,1190 2796,1204 2770,1194 2768,1194 2767,1194 2686,1204 2616,1202 2615,1202 2613,1202 2570,1216 2469,1209 2467,1209 2442,1210 2441,1210 2439,1210 2419,1226 2346,1229 2349,1254"/>
        <Baseline points="2349,1254 3459,1197 3781,1190"/>
        <TextEquiv conf="0.9383758880636272">
          <Unicode>precedert p porte sur l&#x27;arbrre. A. B, e mo donne contre l&#x27;etoile, T,</Unicode>
        </TextEquiv>
      </TextLine>

      
      
      <TextLine id="eSc_line_4ca4d71f_b" custom="structure {type:default;}">
        <Coords points="2431,1326 2432,1326 2476,1314 2496,1308 2518,1311 2548,1315 2549,1315 2682,1302 2739,1298 2757,1299 2822,1307 2824,1307 2929,1291 2933,1291 2936,1291 3036,1296 3037,1296 3039,1296 3072,1285 3163,1286 3164,1286 3204,1276 3221,1273 3234,1275 3262,1280 3264,1280 3265,1280 3281,1273 3288,1269 3408,1264 3413,1266 3426,1273 3427,1273 3429,1273 3484,1263 3502,1260 3532,1260 3638,1263 3639,1263 3711,1253 3753,1261 3754,1261 3756,1261 3792,1247 3792,1231 3790,1202 3728,1212 3711,1204 3705,1203 3703,1203 3702,1203 3683,1207 3638,1216 3584,1212 3521,1207 3519,1207 3316,1223 3280,1219 3278,1219 3196,1232 3157,1240 3139,1237 3104,1228 3103,1228 3021,1240 2979,1234 2977,1234 2976,1234 2939,1247 2930,1251 2764,1258 2754,1257 2705,1247 2704,1247 2702,1247 2651,1263 2643,1266 2520,1270 2515,1270 2467,1258 2466,1258 2464,1258 2402,1276 2400,1276 2399,1276 2369,1267 2368,1267 2366,1267 2365,1267 2343,1274 2347,1320 2347,1330"/>
        <Baseline points="2345,1301 3792,1231"/>
        <TextEquiv conf="0.9795304191285286">
          <Unicode>tap le moyen d&#x27;une piece 1V parsce moyen l&#x27;arbre, Cid tourne, et aves</Unicode>
        </TextEquiv>
      </TextLine>

      
      
      <TextLine id="eSc_line_68ed7a14" custom="structure {type:default;}">
        <Coords points="2356,1358 2467,1355 2469,1355 2491,1367 2492,1367 2494,1367 2571,1351 2584,1349 2594,1351 2643,1356 2644,1356 2738,1346 2770,1355 2771,1355 2773,1355 2828,1346 2865,1351 2866,1351 2868,1351 2894,1337 2898,1336 2903,1337 2923,1345 2925,1345 2926,1345 2927,1345 2957,1334 2968,1332 2983,1334 3030,1343 3031,1343 3090,1340 3091,1340 3093,1340 3109,1329 3129,1337 3131,1337 3132,1337 3189,1336 3190,1336 3192,1336 3208,1324 3209,1324 3215,1324 3240,1327 3242,1327 3243,1327 3245,1327 3250,1323 3259,1318 3287,1321 3351,1329 3353,1329 3426,1324 3427,1324 3449,1314 3452,1314 3465,1314 3557,1318 3559,1318 3560,1318 3581,1310 3594,1304 3608,1308 3630,1314 3632,1314 3633,1314 3635,1314 3659,1305 3680,1299 3692,1305 3703,1310 3705,1310 3706,1310 3835,1298 3835,1280 3832,1253 3193,1267 3109,1272 3107,1272 3106,1272 3087,1286 2993,1289 2948,1279 2946,1279 2872,1283 2871,1283 2831,1296 2746,1288 2745,1288 2743,1288 2697,1301 2685,1294 2683,1294 2682,1294 2681,1294 2552,1305 2489,1299 2488,1299 2486,1299 2447,1314 2353,1318 2356,1345"/>
        <Baseline points="2356,1345 3300,1298 3835,1280"/>
        <TextEquiv conf="0.9759398813117041">
          <Unicode>lux la hone de  30 dents 15 la quelle fait alteri lepignon . X ho et avec</Unicode>
        </TextEquiv>
      </TextLine>

      
      
      <TextLine id="eSc_line_a5535dcd" custom="structure {type:default;}">
        <Coords points="2362,1421 2613,1399 2650,1406 2651,1406 2748,1394 2765,1402 2767,1402 2768,1402 2770,1402 2809,1388 2837,1396 2838,1396 2840,1396 2923,1387 2948,1393 2949,1393 2951,1393 2952,1393 2980,1380 3142,1372 3199,1383 3201,1383 3202,1383 3256,1380 3258,1380 3299,1365 3331,1374 3332,1374 3334,1374 3392,1362 3411,1372 3413,1372 3414,1372 3415,1372 3433,1364 3508,1368 3512,1368 3513,1368 3515,1368 3516,1368 3532,1358 3572,1365 3573,1365 3575,1365 3576,1365 3578,1365 3613,1349 3670,1348 3807,1353 3807,1323 3803,1289 3668,1295 3667,1295 3659,1296 3623,1307 3591,1301 3588,1301 3586,1301 3585,1301 3584,1301 3559,1315 3480,1317 3461,1308 3452,1305 3451,1305 3449,1305 3448,1305 3429,1311 3385,1323 3331,1317 3297,1313 3296,1313 3294,1313 3266,1320 3237,1327 3188,1324 3171,1324 3170,1324 3169,1324 3167,1324 3166,1326 3154,1333 3126,1329 3101,1324 3100,1324 3098,1324 3087,1330 3074,1337 3044,1333 3005,1327 3003,1327 2891,1332 2890,1332 2847,1345 2827,1351 2792,1348 2704,1340 2702,1340 2701,1340 2667,1355 2660,1359 2609,1359 2608,1359 2587,1348 2586,1348 2584,1348 2583,1348 2581,1348 2562,1361 2559,1364 2361,1372 2362,1397"/>
        <Baseline points="2362,1397 2879,1372 3126,1351 3807,1323"/>
        <TextEquiv conf="0.9339941496198828">
          <Unicode> son arbre EcF. et aoto tmbre et les pieces 1D et 1y. d attache es</Unicode>
        </TextEquiv>
      </TextLine>

      
      
      <TextLine id="eSc_line_58860b36" custom="structure {type:default;}">
        <Coords points="3785,1413 3798,1416 3800,1418 3822,1424 3825,1380 3823,1356 3785,1356 3785,1380"/>
        <Baseline points="3785,1380 3825,1380"/>
        <TextEquiv conf="0.9294743239879608">
          <Unicode>ls</Unicode>
        </TextEquiv>
      </TextLine>

      
      
      <TextLine id="eSc_line_4ca84c3f" custom="structure {type:default;}">
        <Coords points="2366,1456 2451,1460 2453,1460 2511,1450 2537,1459 2539,1459 2540,1459 2591,1448 2711,1450 2713,1450 2714,1450 2745,1437 2746,1437 2754,1437 2846,1443 2847,1443 2849,1443 2850,1443 2866,1432 2941,1435 2942,1435 2996,1424 3002,1424 3005,1424 3050,1432 3052,1432 3166,1415 3173,1415 3177,1415 3230,1424 3231,1424 3491,1402 3547,1407 3548,1407 3733,1386 3733,1375 3730,1351 3529,1351 3528,1351 3527,1351 3496,1359 3486,1362 3458,1361 3345,1356 3344,1356 3342,1356 3312,1368 3302,1372 3227,1375 3211,1372 3185,1365 3183,1365 3182,1365 3084,1370 3082,1370 3050,1378 3027,1386 3009,1381 2992,1375 2990,1375 2989,1375 2954,1383 2941,1386 2933,1384 2914,1378 2913,1378 2911,1378 2910,1378 2884,1386 2853,1394 2824,1388 2799,1384 2797,1384 2796,1384 2778,1390 2757,1400 2594,1407 2555,1400 2539,1397 2537,1397 2513,1402 2450,1415 2364,1409 2366,1444"/>
        <Baseline points="2366,1444 3084,1402 3733,1375"/>
        <TextEquiv conf="0.9738165575360495">
          <Unicode>fermement an meme urbre 1E 1F. dF la piece iD viene la premiere</Unicode>
        </TextEquiv>
      </TextLine>

      
      
      <TextLine id="eSc_line_b6999ac3" custom="structure {type:default;}">
        <Coords points="2365,1499 2660,1495 2662,1495 2682,1486 2691,1483 2723,1485 2795,1488 2796,1488 2922,1475 2998,1467 3011,1470 3027,1475 3028,1475 3030,1475 3031,1475 3047,1469 3065,1462 3269,1459 3363,1456 3364,1456 3370,1453 3388,1447 3478,1448 3519,1448 3521,1448 3537,1445 3578,1437 3588,1443 3589,1444 3591,1444 3592,1444 3594,1444 3595,1444 3601,1443 3629,1432 3719,1435 3721,1435 3722,1435 3740,1426 3795,1432 3798,1418 3795,1388 3668,1394 3633,1384 3632,1384 3630,1384 3629,1384 3594,1399 3592,1399 3586,1399 3500,1396 3499,1396 3497,1396 3465,1405 3411,1396 3410,1396 3408,1396 3353,1412 3350,1412 3348,1412 3297,1405 3296,1405 3294,1405 3275,1412 3259,1406 3258,1406 3256,1406 3255,1406 3253,1406 3237,1418 3236,1418 3173,1409 3171,1409 3170,1409 3169,1409 3150,1422 2949,1421 2948,1421 2946,1421 2913,1432 2736,1432 2735,1432 2733,1432 2682,1445 2656,1437 2654,1437 2653,1437 2651,1437 2625,1448 2603,1440 2602,1440 2600,1440 2491,1457 2415,1450 2413,1450 2412,1450 2364,1464 2365,1488"/>
        <Baseline points="2365,1488 3091,1443 3643,1418 3798,1418"/>
        <TextEquiv conf="0.9432229961667742">
          <Unicode>fait eloigne C collet LR de la roue unie  immobile. H. pour retireo (L</Unicode>
        </TextEquiv>
      </TextLine>

      
      
      <TextLine id="eSc_line_2784e14d" custom="structure {type:default;}">
        <Coords points="3773,1419 3759,1419 3617,1426 3616,1426 3613,1428 3585,1438 3471,1437 3464,1437 3462,1437 3461,1437 3459,1437 3448,1445 3414,1440 3402,1438 3401,1438 3325,1445 3150,1462 3139,1456 3135,1453 3134,1453 3132,1453 3131,1453 3068,1456 3066,1456 3052,1462 3037,1467 2954,1467 2876,1467 2875,1467 2873,1467 2857,1473 2844,1478 2795,1478 2742,1476 2740,1476 2670,1485 2628,1489 2615,1488 2574,1482 2572,1482 2486,1494 2409,1491 2407,1491 2406,1491 2359,1502 2361,1527 2361,1548 2521,1546 2523,1546 2539,1539 2556,1533 2593,1536 2634,1540 2635,1540 2637,1540 2654,1533 2669,1526 2748,1523 2781,1526 2827,1530 2828,1530 2891,1520 2892,1520 2894,1520 2965,1523 2967,1523 2968,1523 2970,1523 2983,1514 2984,1514 2993,1514 3104,1516 3106,1516 3164,1504 3189,1499 3202,1502 3240,1508 3242,1508 3328,1495 3356,1491 3373,1492 3433,1498 3434,1498 3436,1498 3462,1486 3465,1486 3471,1486 3515,1491 3516,1491 3562,1481 3573,1479 3579,1481 3597,1486 3598,1486 3600,1486 3651,1476 3661,1475 3668,1475 3722,1482 3724,1482 3792,1467 3792,1451 3788,1419"/>
        <Baseline points="2361,1527 3792,1451"/>
        <TextEquiv conf="0.959190846253664">
          <Unicode>13es dente selarae la tone (i0) et pour de liurer par la lc cylindre mobile de</Unicode>
        </TextEquiv>
      </TextLine>

      
      
      <TextLine id="eSc_line_8ac8431a" custom="structure {type:default;}">
        <Coords points="2366,1600 2422,1586 2476,1594 2483,1594 2485,1594 2625,1586 2627,1586 2629,1584 2656,1571 2773,1575 2796,1575 2797,1575 2941,1567 2942,1567 2944,1567 2946,1564 2968,1552 3052,1558 3062,1558 3063,1558 3065,1558 3068,1556 3094,1545 3141,1552 3154,1554 3155,1554 3157,1554 3163,1551 3183,1540 3217,1548 3228,1549 3230,1549 3231,1549 3245,1546 3283,1535 3357,1537 3359,1537 3360,1537 3380,1526 3689,1508 3804,1510 3806,1486 3801,1464 3639,1473 3636,1473 3619,1467 3617,1467 3616,1467 3543,1478 3518,1481 3503,1479 3459,1476 3458,1476 3456,1476 3455,1476 3446,1483 3442,1485 3426,1483 3396,1482 3395,1482 3313,1489 3231,1498 3215,1495 3193,1491 3192,1491 3112,1495 3110,1495 3082,1502 3058,1508 2974,1508 2907,1508 2906,1508 2866,1514 2800,1524 2770,1520 2754,1517 2752,1517 2717,1521 2672,1529 2597,1529 2562,1529 2561,1529 2548,1532 2501,1542 2362,1542 2365,1574"/>
        <Baseline points="2365,1574 3806,1486"/>
        <TextEquiv conf="0.94705895408988">
          <Unicode>(mnopus. de son arbre 2A 2B. a fui que le crcia par apres la piece, et survenant</Unicode>
        </TextEquiv>
      </TextLine>

      
      
      <TextLine id="eSc_line_c915a357" custom="structure {type:default;}">
        <Coords points="2364,1634 2404,1632 2407,1634 2432,1646 2434,1646 2435,1646 2437,1646 2438,1646 2453,1634 2505,1628 2552,1622 2570,1624 2643,1634 2644,1634 2754,1627 2755,1627 2757,1627 2778,1613 2828,1622 2830,1622 2831,1622 2857,1613 2968,1613 2970,1613 2971,1613 2973,1613 2998,1599 2999,1597 3044,1593 3060,1594 3100,1600 3101,1600 3103,1600 3134,1590 3158,1583 3180,1587 3193,1590 3195,1590 3196,1590 3212,1586 3233,1580 3243,1584 3262,1592 3264,1592 3265,1592 3266,1592 3297,1581 3321,1571 3567,1561 3575,1564 3595,1574 3597,1574 3598,1574 3686,1561 3711,1567 3712,1567 3714,1567 3715,1567 3716,1567 3734,1555 3747,1546 3771,1552 3772,1532 3769,1508 3565,1507 3563,1507 3448,1514 3446,1514 3378,1532 3376,1532 3373,1532 3335,1521 3334,1521 3332,1521 3242,1540 3237,1540 3234,1540 3207,1530 3205,1530 3204,1530 3202,1530 3201,1530 3183,1543 3182,1543 3179,1543 3135,1540 3134,1540 3132,1540 3101,1549 3096,1549 3091,1549 3031,1540 3030,1540 3028,1540 3027,1540 3005,1555 3003,1555 3001,1555 2960,1546 2958,1546 2957,1546 2955,1546 2935,1558 2932,1559 2919,1559 2856,1558 2854,1558 2806,1567 2795,1568 2790,1568 2765,1559 2764,1559 2762,1559 2694,1570 2657,1564 2656,1564 2654,1564 2596,1580 2586,1583 2470,1587 2450,1577 2448,1577 2447,1577 2362,1593 2364,1616"/>
        <Baseline points="2364,1616 2742,1599 3348,1554 3772,1532"/>
        <TextEquiv conf="0.9535963127884683">
          <Unicode>et connant contre la rone (ias fasse abuncer le cytindre uobile,  memessans son</Unicode>
        </TextEquiv>
      </TextLine>

      
      
      <TextLine id="eSc_line_ac757cf2" custom="structure {type:default;}">
        <Coords points="2375,1672 2418,1676 2419,1676 2420,1676 2450,1666 2479,1676 2486,1678 2488,1678 2489,1678 2491,1678 2492,1678 2495,1675 2502,1670 2514,1673 2527,1678 2529,1678 2530,1678 2532,1678 2543,1672 2553,1667 2570,1670 2594,1675 2596,1675 2704,1667 2705,1667 2717,1662 2729,1656 2812,1656 2917,1656 2919,1656 2920,1656 2949,1647 2971,1641 2980,1646 2990,1650 2992,1650 2993,1650 3040,1641 3117,1628 3171,1634 3212,1638 3214,1638 3266,1628 3342,1612 3614,1597 3655,1603 3657,1603 3714,1592 3788,1596 3790,1578 3785,1537 3741,1540 3740,1540 3738,1540 3712,1558 3686,1549 3684,1549 3683,1549 3681,1549 3638,1564 3603,1564 3579,1554 3578,1554 3576,1554 3575,1554 3544,1570 3493,1570 3452,1556 3451,1556 3449,1556 3300,1565 3299,1565 3297,1565 3265,1580 3233,1570 3231,1570 3230,1570 3226,1570 3074,1593 3012,1583 3011,1583 3009,1583 2974,1602 2939,1596 2938,1596 2936,1596 2935,1596 2922,1606 2778,1613 2717,1602 2716,1602 2714,1602 2713,1602 2688,1618 2568,1615 2567,1615 2565,1615 2505,1629 2349,1622 2350,1683"/>
        <Baseline points="2349,1657 2849,1634 3487,1587 3790,1578"/>
        <TextEquiv conf="0.9311197878609241">
          <Unicode>arbie, parce que pourrois pas autrement se faire alter si par hajard le</Unicode>
        </TextEquiv>
      </TextLine>

      
      
      <TextLine id="eSc_line_551fda69" custom="structure {type:default;}">
        <Coords points="2361,1710 2439,1720 2441,1720 2552,1714 2553,1714 2574,1704 2644,1707 2646,1707 2695,1698 2720,1705 2721,1705 2723,1705 2784,1692 2815,1686 2843,1691 2890,1697 2891,1697 2892,1697 2910,1688 2922,1681 3002,1684 3020,1684 3021,1684 3022,1684 3027,1682 3058,1673 3087,1679 3112,1685 3113,1685 3148,1678 3196,1666 3228,1673 3239,1676 3240,1676 3242,1676 3243,1676 3253,1673 3285,1662 3436,1662 3437,1662 3439,1662 3440,1662 3452,1651 3503,1648 3544,1648 3562,1657 3563,1657 3565,1657 3566,1657 3597,1650 3624,1657 3626,1657 3627,1657 3629,1657 3781,1650 3781,1624 3776,1587 3654,1600 3608,1596 3595,1596 3594,1596 3592,1596 3586,1597 3566,1605 3489,1603 3446,1603 3445,1603 3443,1603 3427,1608 3382,1619 3332,1613 3312,1610 3310,1610 3309,1610 3290,1615 3242,1628 3205,1621 3196,1619 3195,1619 3193,1619 3189,1621 3164,1632 3115,1625 3087,1622 3085,1622 3084,1622 3063,1628 3022,1644 2811,1653 2795,1644 2790,1643 2789,1643 2787,1643 2786,1643 2784,1643 2780,1646 2764,1656 2726,1651 2724,1651 2581,1666 2567,1659 2558,1654 2556,1654 2555,1654 2553,1654 2532,1660 2498,1670 2476,1663 2450,1656 2448,1656 2447,1656 2445,1656 2444,1656 2429,1666 2372,1660 2371,1660 2369,1660 2368,1660 2358,1667 2361,1701"/>
        <Baseline points="2361,1701 2891,1675 3283,1641 3781,1624"/>
        <TextEquiv conf="0.9825495843027459">
          <Unicode>dit arbre se trouuoit exgage dans legrud mouuement  transport</Unicode>
        </TextEquiv>
      </TextLine>

      
      
      <TextLine id="eSc_line_37affd68" custom="structure {type:default;}">
        <Coords points="2548,1761 2549,1761 2552,1759 2580,1748 2670,1743 2790,1746 2818,1746 2819,1746 2821,1746 2822,1746 2825,1745 2838,1736 2879,1739 2881,1739 2936,1726 2964,1733 2965,1733 2967,1733 2968,1733 2970,1733 2999,1714 3031,1714 3053,1724 3055,1724 3056,1724 3058,1724 3091,1711 3125,1716 3126,1716 3204,1705 3242,1719 3243,1719 3245,1719 3246,1719 3265,1708 3296,1714 3297,1714 3420,1694 3522,1700 3524,1700 3525,1700 3562,1688 3594,1692 3595,1692 3677,1681 3703,1694 3716,1700 3718,1700 3719,1700 3782,1688 3782,1673 3779,1643 3728,1638 3727,1638 3638,1650 3601,1638 3600,1638 3598,1638 3597,1638 3538,1654 3510,1643 3509,1643 3508,1643 3332,1651 3331,1651 3329,1651 3315,1660 3167,1660 3166,1660 3113,1672 3094,1665 3093,1665 3091,1665 3090,1665 3088,1665 3065,1679 3024,1682 2974,1675 2973,1675 2971,1675 2945,1685 2920,1675 2919,1675 2917,1675 2916,1675 2882,1689 2746,1688 2745,1688 2743,1688 2724,1697 2695,1686 2694,1686 2692,1686 2691,1686 2640,1701 2605,1691 2603,1691 2602,1691 2600,1691 2570,1707 2374,1707 2372,1707 2371,1707 2350,1714 2350,1715 2350,1770"/>
        <Baseline points="2350,1746 2935,1714 3161,1689 3610,1670 3782,1673"/>
        <TextEquiv conf="0.9758105798373147">
          <Unicode>estant fait le collet si revient de luo même et l&#x27;artre ane le</Unicode>
        </TextEquiv>
      </TextLine>

      
      
      <TextLine id="eSc_line_ffea5e2e" custom="structure {type:default;}">
        <Coords points="2532,1808 2533,1808 2534,1808 2546,1799 2584,1805 2591,1805 2593,1805 2594,1805 2599,1803 2628,1793 2667,1799 2669,1799 2670,1799 2672,1799 2723,1787 2754,1795 2755,1795 2757,1795 2758,1795 2759,1795 2761,1795 2795,1777 2951,1781 2952,1781 3066,1762 3103,1768 3104,1768 3106,1768 3126,1758 3264,1752 3316,1759 3318,1759 3319,1759 3353,1748 3417,1755 3421,1755 3423,1755 3433,1755 3559,1738 3610,1743 3651,1749 3652,1749 3832,1730 3832,1713 3828,1676 3632,1698 3556,1692 3534,1691 3532,1691 3508,1695 3437,1708 3415,1701 3408,1698 3407,1698 3405,1698 3299,1703 3297,1703 3296,1703 3287,1708 3278,1713 3245,1711 3193,1708 3192,1708 3150,1717 3104,1726 3062,1721 3022,1719 3021,1719 2907,1730 2862,1726 2860,1726 2859,1726 2857,1726 2844,1735 2841,1738 2770,1743 2764,1740 2752,1735 2751,1735 2749,1735 2748,1735 2726,1742 2719,1745 2713,1743 2695,1739 2694,1739 2692,1739 2641,1748 2622,1751 2613,1749 2577,1740 2575,1740 2574,1740 2551,1754 2546,1755 2521,1755 2410,1752 2409,1752 2407,1752 2406,1752 2388,1762 2388,1764 2350,1765 2350,1816"/>
        <Baseline points="2350,1796 3003,1757 3239,1735 3832,1713"/>
        <TextEquiv conf="0.9480323403600662">
          <Unicode>cylindre se m reunit aver laua l&#x27;arbre de la maniere que jeaque</Unicode>
        </TextEquiv>
      </TextLine>

      
      
      <TextLine id="eSc_line_910b6dd4" custom="structure {type:default;}">
        <Coords points="3028,1815 3079,1824 3081,1824 3082,1824 3084,1824 3097,1814 3112,1824 3113,1824 3115,1824 3116,1824 3117,1824 3147,1812 3155,1809 3170,1812 3190,1815 3192,1815 3223,1811 3252,1805 3262,1809 3269,1812 3271,1812 3272,1812 3291,1808 3322,1800 3340,1806 3351,1811 3353,1811 3354,1811 3356,1811 3373,1806 3382,1803 3392,1805 3421,1811 3423,1811 3424,1811 3440,1803 3461,1795 3481,1802 3493,1806 3494,1806 3496,1806 3586,1803 3588,1803 3600,1799 3632,1786 3662,1786 3671,1793 3671,1795 3673,1795 3674,1795 3676,1795 3677,1795 3678,1795 3678,1793 3680,1793 3687,1784 3728,1795 3733,1796 3734,1796 3735,1796 3737,1796 3738,1796 3740,1795 3763,1781 3826,1792 3828,1770 3822,1735 3810,1740 3794,1736 3765,1726 3763,1726 3762,1726 3760,1726 3759,1726 3759,1727 3747,1738 3740,1745 3626,1748 3607,1740 3585,1733 3584,1733 3582,1733 3581,1733 3553,1743 3529,1751 3509,1745 3487,1738 3486,1738 3484,1738 3483,1738 3481,1738 3470,1745 3451,1757 3423,1749 3421,1749 3420,1749 3418,1749 3401,1758 3372,1748 3356,1743 3354,1743 3353,1743 3322,1749 3255,1765 3224,1752 3218,1751 3217,1751 3215,1751 3129,1754 3128,1754 3123,1757 3090,1773 3025,1759 3028,1802"/>
        <Baseline points="3028,1802 3603,1774 3828,1770"/>
        <TextEquiv conf="0.9811160332626767">
          <Unicode>En troisieme lieu le cylindre mobile</Unicode>
        </TextEquiv>
      </TextLine>

      
      
      <TextLine id="eSc_line_3a8c94ac" custom="structure {type:default;}">
        <Coords points="2368,1879 2369,1879 2371,1879 2413,1876 2415,1876 2416,1876 2416,1875 2426,1866 2439,1873 2441,1873 2442,1873 2444,1873 2485,1872 2486,1872 2534,1854 2553,1847 2572,1851 2616,1860 2618,1860 2619,1860 2621,1860 2646,1846 2650,1843 2653,1844 2679,1856 2681,1856 2682,1856 2683,1856 2714,1840 2721,1835 2761,1834 2774,1834 2786,1835 2803,1851 2805,1851 2806,1851 2808,1851 2809,1851 2853,1828 2853,1812 2852,1793 2714,1786 2713,1786 2711,1786 2686,1795 2656,1792 2654,1792 2653,1792 2621,1806 2442,1803 2441,1803 2439,1803 2410,1816 2387,1812 2385,1812 2384,1812 2351,1822 2351,1872"/>
        <Baseline points="2351,1844 2853,1812"/>
        <TextEquiv conf="0.9684194545996817">
          <Unicode>explique  codessus.</Unicode>
        </TextEquiv>
      </TextLine>

      
      
      <TextLine id="eSc_line_2a92d429" custom="structure {type:default;}">
        <Coords points="2380,1897 2378,1897 2377,1897 2366,1906 2366,1907 2351,1907 2351,1952 2371,1946 2378,1943 2393,1946 2406,1946 2407,1929 2404,1904 2383,1897 2381,1897"/>
        <Baseline points="2351,1933 2407,1929"/>
        <TextEquiv>
          <Unicode></Unicode>
        </TextEquiv>
      </TextLine>

      
      
      <TextLine id="eSc_line_c8e2a221" custom="structure {type:default;}">
        <Coords points="2428,1911 2473,1913 2546,1916 2548,1916 2596,1906 2625,1898 2853,1887 2876,1888 2927,1894 2929,1894 3082,1885 3084,1885 3085,1885 3096,1878 3234,1878 3234,1876 3291,1863 3296,1863 3297,1863 3334,1870 3335,1870 3337,1870 3361,1859 3367,1857 3401,1857 3544,1857 3546,1857 3547,1857 3570,1847 3573,1846 3584,1846 3661,1851 3662,1851 3664,1851 3692,1840 3695,1838 3703,1838 3768,1846 3769,1846 3771,1846 3820,1831 3820,1816 3817,1784 3768,1774 3766,1774 3765,1774 3721,1790 3697,1797 3683,1792 3671,1787 3670,1787 3668,1787 3667,1787 3642,1795 3603,1806 3480,1806 3478,1806 3477,1806 3459,1814 3424,1808 3373,1797 3372,1797 3079,1814 3078,1814 3046,1830 3027,1838 2901,1838 2857,1838 2856,1838 2854,1838 2853,1838 2850,1841 2838,1850 2751,1854 2713,1849 2660,1841 2659,1841 2657,1841 2622,1851 2600,1844 2599,1844 2597,1844 2596,1844 2571,1857 2567,1860 2537,1860 2494,1860 2492,1860 2491,1860 2485,1863 2469,1872 2351,1872 2351,1918"/>
        <Baseline points="2351,1898 2803,1870 3220,1857 3820,1816"/>
        <TextEquiv conf="0.9820435019639823">
          <Unicode>minopus donne un transport an cylindre suivant, on non. voi il le</Unicode>
        </TextEquiv>
      </TextLine>

      
      
      <TextLine id="eSc_line_e5fedafd" custom="structure {type:default;}">
        <Coords points="2781,1904 2767,1906 2752,1907 2738,1907 2723,1908 2708,1910 2694,1910 2679,1911 2664,1911 2654,1894 2651,1894 2650,1894 2572,1898 2571,1898 2570,1898 2555,1908 2520,1901 2518,1901 2517,1901 2515,1901 2485,1920 2483,1922 2470,1922 2423,1923 2407,1916 2406,1916 2402,1930 2387,1930 2377,1939 2377,1943 2377,1970 2457,1962 2475,1967 2491,1971 2492,1971 2494,1971 2558,1968 2559,1968 2589,1961 2615,1952 2795,1943 2876,1945 2948,1946 2949,1946 2951,1946 2963,1941 2976,1933 3031,1936 3033,1936 3034,1936 3106,1926 3135,1932 3155,1935 3157,1935 3195,1927 3217,1925 3233,1926 3259,1929 3261,1929 3262,1929 3283,1923 3318,1914 3350,1920 3363,1922 3364,1922 3380,1919 3410,1911 3472,1913 3519,1914 3521,1914 3547,1910 3598,1898 3617,1906 3622,1907 3623,1907 3624,1907 3847,1892 3847,1873 3839,1832 3828,1840 3790,1835 3769,1834 3768,1834 3766,1834 3765,1834 3760,1838 3754,1843 3737,1840 3711,1834 3709,1834 3708,1834 3687,1843 3661,1853 3635,1846 3610,1840 3608,1840 3607,1840 3557,1851 3546,1853 3535,1853 3481,1847 3480,1847 3478,1847 3459,1857 3449,1863 3440,1859 3426,1851 3424,1851 3423,1851 3353,1854 3351,1854 3323,1866 3316,1869 3302,1868 3246,1860 3245,1860 3174,1876 3164,1878 3161,1876 3150,1869 3148,1869 3147,1869 3145,1869 3144,1869 3142,1869 3128,1879 3119,1884 3055,1884 2992,1884 2990,1884 2989,1884 2971,1889 2955,1895 2796,1903 2796,1904"/>
        <Baseline points="2377,1943 2383,1949 2448,1948 3529,1885 3847,1873"/>
        <TextEquiv conf="0.978884045034647">
          <Unicode>nq donne delu même maniere qui le receit. C&#x27;est a dire la piere</Unicode>
        </TextEquiv>
      </TextLine>

      
      
      <TextLine id="eSc_line_3836ee1c" custom="structure {type:default;}">
        <Coords points="2663,1927 2805,1917 2805,1903 2800,1876 2660,1889 2663,1911"/>
        <Baseline points="2663,1911 2805,1903"/>
        <TextEquiv conf="0.9853254854679108">
          <Unicode>meum</Unicode>
        </TextEquiv>
      </TextLine>

      
      
      <TextLine id="eSc_line_68a981cc" custom="structure {type:default;}">
        <Coords points="2374,2030 2375,2030 2377,2030 2378,2030 2412,2015 2431,2024 2432,2024 2434,2024 2485,2014 2552,2019 2553,2019 2555,2019 2597,2008 2670,2015 2672,2015 2748,1999 2781,2008 2783,2008 2784,2008 2786,2008 2834,1993 2849,1990 2865,1992 2925,2002 2926,2002 2927,2002 2973,1989 3069,1995 3071,1995 3072,1995 3098,1981 3109,1977 3139,1980 3160,1981 3161,1981 3182,1979 3209,1973 3228,1976 3280,1984 3281,1984 3394,1971 3472,1974 3474,1974 3475,1974 3519,1962 3547,1954 3683,1949 3699,1954 3712,1958 3714,1958 3715,1958 3787,1949 3787,1929 3784,1895 3725,1906 3680,1900 3646,1897 3645,1897 3643,1897 3623,1904 3603,1910 3572,1907 3535,1903 3534,1903 3532,1903 3531,1903 3522,1910 3510,1917 3465,1919 3440,1914 3413,1908 3411,1908 3353,1911 3351,1911 3316,1920 3290,1927 3256,1925 3208,1919 3207,1919 3205,1919 3177,1929 3163,1933 3147,1930 3126,1926 3125,1926 3123,1926 3122,1926 3113,1932 3106,1938 3024,1938 2948,1938 2946,1938 2895,1943 2854,1949 2844,1946 2831,1943 2830,1943 2828,1943 2827,1943 2808,1949 2795,1952 2784,1951 2749,1942 2748,1942 2695,1952 2594,1949 2593,1949 2524,1965 2520,1965 2517,1965 2479,1955 2477,1955 2476,1955 2475,1955 2420,1970 2416,1971 2413,1971 2375,1961 2374,1961 2372,1961 2371,1961 2352,1971 2352,2022"/>
        <Baseline points="2352,1998 2530,1993 3787,1929"/>
        <TextEquiv conf="0.9791898161172867">
          <Unicode> domia le cylindre imnopg. ayant arteve son louq la piere 2V</Unicode>
        </TextEquiv>
      </TextLine>

      
      
      <TextLine id="eSc_line_73187810" custom="structure {type:default;}">
        <Coords points="2451,2076 2453,2076 2454,2076 2456,2076 2456,2075 2457,2075 2460,2071 2467,2062 2485,2060 2507,2068 2521,2072 2523,2072 2524,2072 2526,2072 2527,2072 2536,2066 2543,2062 2572,2063 2619,2068 2621,2068 2622,2068 2638,2060 2648,2056 2653,2060 2657,2065 2659,2065 2660,2065 2662,2065 2702,2063 2704,2063 2719,2056 2730,2050 2738,2056 2742,2059 2743,2059 2745,2059 2746,2059 2748,2059 2758,2055 2777,2046 2799,2052 2802,2053 2803,2053 2805,2053 2806,2053 2808,2053 2809,2052 2824,2043 2847,2049 2849,2049 2850,2049 2922,2037 2968,2043 2970,2017 2964,1979 2920,1992 2904,1983 2900,1981 2898,1981 2897,1981 2819,1987 2818,1987 2816,1987 2816,1989 2814,1990 2799,2005 2767,1995 2751,1990 2749,1990 2748,1990 2746,1990 2745,1990 2745,1992 2738,1998 2724,2011 2669,2012 2640,2006 2615,2000 2613,2000 2612,2000 2610,2000 2610,2002 2603,2009 2597,2017 2565,2018 2542,2014 2498,2005 2496,2005 2495,2005 2494,2005 2470,2019 2466,2022 2458,2021 2403,2008 2402,2008 2400,2008 2399,2008 2399,2009 2378,2028 2352,2030 2352,2033 2355,2075"/>
        <Baseline points="2354,2055 2762,2037 2970,2017"/>
        <TextEquiv conf="0.9750737856935572">
          <Unicode>vient remontrer. l&#x27;estoile2</Unicode>
        </TextEquiv>
      </TextLine>

      
      
      <TextLine id="eSc_line_b44051a9" custom="structure {type:default;}">
        <Coords points="3024,2033 3071,2046 3072,2046 3074,2046 3136,2043 3138,2043 3139,2043 3139,2041 3151,2033 3160,2040 3161,2040 3163,2040 3164,2040 3236,2031 3245,2037 3246,2037 3247,2037 3249,2037 3266,2036 3268,2036 3269,2036 3269,2034 3271,2034 3281,2021 3335,2028 3337,2028 3338,2028 3340,2028 3357,2015 3361,2012 3370,2015 3398,2022 3399,2022 3401,2022 3475,2012 3497,2024 3499,2024 3500,2024 3502,2024 3540,2005 3544,2003 3588,2003 3692,2003 3692,2002 3693,2002 3695,2002 3700,1996 3705,1995 3716,1996 3762,2000 3763,2000 3807,1990 3809,1976 3806,1948 3752,1946 3750,1946 3749,1946 3747,1946 3747,1948 3743,1951 3737,1958 3712,1958 3695,1954 3670,1946 3668,1946 3667,1946 3665,1946 3664,1946 3649,1955 3638,1962 3627,1957 3613,1949 3611,1949 3610,1949 3608,1949 3607,1949 3592,1960 3581,1967 3521,1968 3510,1964 3505,1961 3503,1961 3502,1961 3500,1961 3489,1965 3470,1971 3455,1967 3446,1964 3445,1964 3443,1964 3442,1964 3440,1964 3440,1965 3437,1968 3432,1973 3418,1968 3391,1961 3389,1961 3388,1961 3386,1961 3366,1971 3354,1979 3277,1981 3268,1977 3256,1968 3255,1968 3253,1968 3252,1968 3163,1973 3161,1973 3122,1986 3104,1992 3021,1992 3024,2017"/>
        <Baseline points="3024,2017 3809,1976"/>
        <TextEquiv conf="0.9512848360785122">
          <Unicode>et pala comne  par la la roue</Unicode>
        </TextEquiv>
      </TextLine>

      
      
      <TextLine id="eSc_line_b319d05e_b" custom="structure {type:default;}">
        <Coords points="2767,2037 2765,2037 2692,2059 2501,2063 2467,2053 2466,2053 2464,2053 2355,2071 2356,2091 2350,2125 2546,2116 2548,2116 2580,2104 2667,2110 2669,2110 2742,2106 2743,2106 2767,2095 2819,2101 2821,2101 2822,2101 2843,2091 2878,2100 2879,2100 2881,2100 2952,2084 2955,2084 2963,2084 3126,2088 3128,2088 3253,2069 3280,2066 3288,2068 3321,2078 3322,2078 3323,2078 3325,2078 3366,2065 3376,2062 3394,2063 3429,2066 3430,2066 3432,2066 3455,2060 3468,2057 3494,2059 3613,2065 3614,2065 3684,2050 3692,2047 3844,2041 3844,2033 3838,1992 3727,2009 3681,1998 3670,1995 3668,1995 3667,1995 3665,1995 3651,1999 3630,2005 3614,2000 3594,1995 3592,1995 3591,1995 3544,2003 3448,2022 3337,2012 3316,2011 3315,2011 3313,2011 3306,2014 3268,2030 3242,2022 3240,2022 3239,2022 3188,2034 3157,2022 3155,2022 3154,2022 3152,2022 3087,2040 3047,2028 3046,2028 3044,2028 2992,2037 2971,2031 2970,2031 2968,2031 2871,2050 2799,2034 2796,2033 2795,2034 2780,2036"/>
        <Baseline points="2354,2101 3415,2044 3844,2033"/>
        <TextEquiv conf="0.9342455311041129">
          <Unicode>25 lepignon x 2x et lapiece et fait que la piece 2y donnant contre la rone r</Unicode>
        </TextEquiv>
      </TextLine>

      
      
      <TextLine id="eSc_line_e3b24c23_b" custom="structure {type:default;}">
        <Coords points="2352,2177 2374,2171 2464,2171 2543,2171 2545,2171 2546,2171 2558,2167 2587,2152 2648,2151 2678,2160 2679,2160 2681,2160 2682,2160 2749,2145 2859,2144 2876,2149 2879,2151 2881,2151 2882,2151 2884,2151 2888,2149 2916,2141 2935,2147 2939,2148 2941,2148 2942,2148 2992,2144 3068,2138 3077,2139 3101,2147 3103,2147 3104,2147 3307,2128 3424,2117 3451,2120 3512,2129 3513,2129 3575,2114 3582,2111 3835,2100 3835,2082 3833,2060 3757,2047 3756,2047 3646,2062 3605,2055 3604,2055 3603,2055 3548,2072 3354,2065 3353,2065 3351,2065 3307,2084 3300,2087 3294,2085 3256,2072 3255,2072 3253,2072 3252,2072 3201,2087 3167,2079 3166,2079 3103,2094 3079,2098 3043,2097 3022,2095 2989,2081 2987,2081 2986,2081 2894,2101 2834,2088 2833,2088 2676,2103 2610,2097 2609,2097 2608,2097 2549,2116 2523,2107 2521,2107 2520,2107 2518,2107 2492,2120 2460,2111 2458,2111 2457,2111 2350,2128 2341,2180"/>
        <Baseline points="2346,2151 2347,2151 2556,2138 3835,2082"/>
        <TextEquiv conf="0.9775170772462278">
          <Unicode>2. (10) fait toniner le cycindre del&#x27;arbie 3A3B paves le rou grand roulear</Unicode>
        </TextEquiv>
      </TextLine>

      
      
      <TextLine id="eSc_line_4a1b9b4e" custom="structure {type:default;}">
        <Coords points="2349,2220 2624,2215 2654,2208 2694,2199 2786,2201 2787,2201 2789,2201 2830,2184 2872,2199 2888,2203 2890,2203 2891,2203 2892,2203 2894,2203 2901,2198 2907,2195 2944,2196 3020,2198 3021,2198 3022,2198 3037,2192 3059,2182 3094,2189 3103,2190 3104,2190 3106,2190 3110,2189 3142,2171 3196,2180 3198,2180 3199,2180 3237,2166 3388,2161 3434,2173 3436,2173 3437,2173 3439,2173 3440,2173 3464,2157 3611,2151 3709,2161 3721,2163 3722,2163 3737,2161 3803,2149 3842,2155 3844,2128 3841,2104 3697,2110 3692,2110 3614,2103 3613,2103 3611,2103 3610,2103 3595,2114 3462,2117 3446,2110 3445,2110 3443,2110 3442,2110 3405,2120 3382,2113 3380,2113 3379,2113 3378,2113 3357,2123 3271,2117 3269,2117 3268,2117 3250,2126 3208,2122 3207,2122 3141,2135 3131,2136 3120,2136 3031,2128 3030,2128 3028,2128 2992,2142 2989,2142 2984,2142 2929,2133 2927,2133 2882,2144 2866,2136 2865,2136 2863,2136 2754,2147 2727,2141 2726,2141 2724,2141 2624,2158 2621,2158 2619,2158 2590,2147 2589,2147 2587,2147 2586,2147 2551,2161 2551,2163 2346,2170 2349,2203"/>
        <Baseline points="2349,2203 2640,2190 2840,2173 3221,2157 3398,2138 3844,2128"/>
        <TextEquiv conf="0.9375930600094072">
          <Unicode>porte-chriffre, abbache audit colindre  Cont mone comme auparavant</Unicode>
        </TextEquiv>
      </TextLine>

      
      
      <TextLine id="eSc_line_4721cfa5" custom="structure {type:default;}">
        <Coords points="2353,2241 2349,2221 2344,2221 2349,2275 2397,2260 2437,2260 2460,2271 2467,2274 2469,2274 2470,2274 2526,2268 2651,2252 2676,2259 2686,2262 2688,2262 2689,2262 2843,2255 2844,2255 2862,2249 2897,2237 2914,2246 2920,2249 2922,2249 2923,2249 3030,2244 3056,2239 3125,2222 3160,2228 3161,2228 3296,2214 3337,2222 3338,2222 3340,2222 3341,2222 3361,2209 3478,2214 3480,2214 3481,2214 3509,2199 3585,2196 3624,2208 3626,2208 3627,2208 3629,2208 3633,2208 3719,2189 3778,2199 3778,2177 3773,2148 3632,2155 3630,2155 3608,2144 3607,2144 3605,2144 3452,2152 3451,2152 3423,2166 3418,2167 3398,2167 3316,2164 3315,2164 3262,2174 3250,2176 3245,2174 3212,2166 3211,2166 3209,2166 3112,2182 3090,2184 3077,2183 3046,2180 3044,2180 2968,2189 2919,2195 2900,2193 2872,2189 2871,2189 2869,2189 2843,2196 2828,2199 2818,2196 2790,2189 2789,2189 2787,2189 2707,2202 2705,2202 2654,2196 2653,2196 2651,2196 2650,2196 2634,2206 2624,2212 2374,2221 2368,2241"/>
        <Baseline points="2346,2249 3401,2186 3778,2177"/>
        <TextEquiv conf="0.951631180368937">
          <Unicode>hurven quavant que lapiere ny donne contre la ronc 2 Tout de meme</Unicode>
        </TextEquiv>
      </TextLine>

      
      
      <TextLine id="eSc_line_58307d1a_a" custom="structure {type:default;}">
        <Coords points="2399,2300 2459,2327 2914,2311 2926,2298 2926,2272 2923,2241 2863,2237 2862,2237 2860,2237 2850,2241 2828,2252 2793,2243 2784,2241 2783,2241 2781,2241 2777,2243 2761,2249 2729,2244 2727,2244 2726,2244 2724,2244 2697,2255 2672,2244 2663,2241 2662,2241 2660,2241 2659,2241 2647,2246 2616,2256 2597,2250 2596,2250 2594,2250 2593,2250 2577,2259 2460,2262 2439,2262 2426,2249 2425,2249 2425,2247 2423,2247 2422,2247 2420,2247 2397,2249 2399,2284"/>
        <Baseline points="2399,2284 2926,2272"/>
        <TextEquiv conf="0.9922091245651246">
          <Unicode>comme auparavan</Unicode>
        </TextEquiv>
      </TextLine>

      
      
      <TextLine id="eSc_line_690a76a0" custom="structure {type:default;}">
        <Coords points="2093,181 2128,166 2152,179 2153,179 2155,179 2156,179 2158,179 2159,179 2159,178 2200,154 2225,154 2257,170 2258,170 2260,170 2261,170 2283,162 2308,169 2309,169 2311,169 2312,169 2365,147 2499,144 2553,163 2574,170 2575,170 2577,170 2730,163 2732,163 2745,156 2781,135 2814,147 2815,147 2816,147 2818,147 2819,147 2843,132 2907,138 2908,138 2998,128 3036,144 3059,154 3060,154 3062,154 3112,144 3283,147 3284,147 3285,147 3335,132 3335,102 3329,55 3256,62 3228,58 3163,48 3161,48 2974,52 2973,52 2923,70 2914,73 2884,71 2754,65 2752,65 2751,65 2716,78 2705,81 2695,78 2641,64 2640,64 2638,64 2574,65 2572,65 2537,78 2496,70 2495,70 2494,70 2461,87 2302,87 2301,87 2254,96 2252,96 2210,78 2209,78 2207,78 2206,78 2181,89 2150,80 2149,80 2147,80 2146,80 2144,80 2118,102 2089,102 2092,148"/>
        <Baseline points="2092,148 2368,128 2828,108 3335,102"/>
        <TextEquiv conf="0.9752108703056971">
          <Unicode>Maintenant tontes les pieres est aut expliquees,</Unicode>
        </TextEquiv>
      </TextLine>

      
      
      <TextLine id="eSc_line_9043076d" custom="structure {type:default;}">
        <Coords points="3598,151 3670,147 3677,153 3684,159 3686,159 3687,159 3689,159 3690,159 3714,153 3747,144 3759,153 3762,156 3763,156 3765,156 3766,156 3844,153 3844,127 3842,102 3809,93 3807,93 3806,93 3759,102 3754,102 3752,102 3696,92 3695,92 3693,92 3692,92 3692,93 3683,102 3681,102 3665,93 3664,93 3662,93 3661,93 3639,102 3629,106 3597,103 3598,134"/>
        <Baseline points="3598,134 3844,127"/>
        <TextEquiv conf="0.8855981735082773">
          <Unicode>il se apropos</Unicode>
        </TextEquiv>
      </TextLine>

      
      
      <TextLine id="eSc_line_3fe9c147" custom="structure {type:default;}">
        <Coords points="2169,238 2181,243 2283,240 2285,240 2286,240 2288,239 2321,216 2355,226 2356,226 2358,226 2359,226 2399,213 2454,213 2467,222 2469,222 2470,222 2472,222 2473,222 2514,208 2663,217 2669,217 2670,217 2672,217 2673,217 2702,205 2754,210 2755,210 2757,210 2758,210 2777,198 2802,210 2811,213 2812,213 2814,213 2815,213 2833,208 2876,195 2888,204 2903,216 2904,216 2906,216 2907,217 2929,217 2929,216 3022,211 3024,211 3025,211 3025,210 3039,197 3039,176 3037,153 3005,134 3003,134 3002,134 3001,134 2929,137 2927,137 2926,137 2926,138 2904,160 2891,160 2885,162 2850,162 2849,162 2815,141 2814,141 2812,141 2811,141 2739,144 2738,144 2736,144 2702,165 2651,159 2650,159 2648,159 2612,169 2605,172 2477,173 2476,173 2435,156 2434,156 2432,156 2409,157 2407,157 2406,157 2381,176 2378,179 2369,176 2355,172 2353,172 2352,172 2350,172 2349,172 2340,178 2333,182 2251,184 2244,181 2225,172 2223,172 2222,172 2220,172 2219,172 2204,182 2198,185 2168,184 2169,211"/>
        <Baseline points="2169,211 2539,191 3039,176"/>
        <TextEquiv conf="0.9590347130452433">
          <Unicode>verur a leur monvement et usage</Unicode>
        </TextEquiv>
      </TextLine>

      
      
      <TextLine id="eSc_line_6285dea3" custom="structure {type:default;}">
        <Coords points="3623,134 3619,134 3601,143 3562,124 3560,124 3559,124 3557,124 3556,124 3544,134 3534,127 3534,125 3532,125 3531,125 3529,125 3383,127 3382,127 3380,127 3351,146 3348,147 3334,146 3266,138 3265,138 3264,138 3262,138 3250,147 3247,148 3245,147 3215,135 3214,135 3212,135 3211,135 3209,135 3209,137 3198,147 3170,147 3171,176 3173,213 3269,188 3376,188 3404,210 3405,210 3407,210 3408,211 3449,211 3449,210 3455,210 3478,205 3480,205 3481,205 3506,185 3544,194 3546,194 3547,194 3572,184 3645,186 3670,205 3671,205 3673,205 3674,205 3676,205 3677,205 3690,195 3700,204 3700,205 3702,205 3703,205 3705,207 3712,207 3730,207 3730,205 3731,205 3733,205 3747,194 3759,204 3760,204 3762,204 3763,205 3825,205 3825,163 3822,141 3743,134 3741,134 3680,141 3646,132 3638,134"/>
        <Baseline points="3171,176 3366,167 3825,163"/>
        <TextEquiv conf="0.9868061995506286">
          <Unicode>lou cet effect hossissons</Unicode>
        </TextEquiv>
      </TextLine>

      
      
      <TextLine id="eSc_line_8a388da8" custom="structure {type:default;}">
        <Coords points="2330,296 2727,293 2729,293 2730,293 2745,283 2755,277 2890,274 2935,274 2941,277 2963,286 2964,286 2965,286 3074,283 3147,270 3169,265 3189,268 3259,277 3261,277 3329,267 3410,270 3411,270 3413,270 3455,258 3462,257 3468,258 3509,268 3510,268 3512,268 3677,254 3724,262 3725,262 3727,262 3757,248 3759,246 3806,245 3806,227 3801,204 3684,205 3605,192 3604,192 3559,195 3557,195 3556,195 3535,208 3452,197 3451,197 3449,197 3448,197 3433,208 3310,219 3306,219 3304,219 3236,205 3234,205 3233,205 3204,219 3145,207 3144,207 3075,208 3074,208 3072,208 3060,217 3027,210 3025,210 3024,210 2974,229 2974,230 2933,230 2930,230 2881,229 2853,216 2852,216 2850,216 2814,217 2812,217 2811,217 2790,232 2751,219 2749,219 2748,219 2651,235 2619,223 2618,223 2616,223 2558,232 2515,226 2514,226 2513,226 2464,246 2328,249 2330,274"/>
        <Baseline points="2330,274 3098,255 3806,227"/>
        <TextEquiv conf="0.9902399820940835">
          <Unicode>eicor T&#x27;arbre du milien 2A2B. et en consideret plusieurs</Unicode>
        </TextEquiv>
      </TextLine>

      
      
      <TextLine id="eSc_line_9abe4cfe" custom="structure {type:default;}">
        <Coords points="2397,258 2458,254 2460,254 2461,254 2464,252 2485,239 2539,236 2548,243 2552,223 2548,198 2393,211 2396,236"/>
        <Baseline points="2396,236 2552,223"/>
        <TextEquiv conf="0.9914206133948432">
          <Unicode>de choisu</Unicode>
        </TextEquiv>
      </TextLine>

      
      
      <TextLine id="eSc_line_3d7d5d8f" custom="structure {type:default;}">
        <Coords points="3734,286 3782,286 3797,295 3803,299 3804,299 3806,299 3807,300 3835,300 3836,274 3835,235 3806,229 3804,229 3803,229 3801,229 3787,238 3779,242 3772,239 3763,235 3762,235 3760,235 3759,235 3735,240 3735,273"/>
        <Baseline points="3735,273 3836,274"/>
        <TextEquiv conf="0.950280636548996">
          <Unicode>du dit</Unicode>
        </TextEquiv>
      </TextLine>

      
      
      <TextLine id="eSc_line_4e9334ea" custom="structure {type:default;}">
        <Coords points="2350,379 2413,360 2495,373 2521,378 2523,378 2695,372 2697,372 2698,372 2710,365 2713,363 2727,365 2777,369 2778,369 2780,369 2781,369 2792,362 2806,353 2838,356 2840,356 2841,356 2882,343 3009,341 3037,350 3039,350 3040,350 3104,337 3152,347 3189,354 3190,354 3245,343 3309,330 3405,330 3421,335 3434,341 3436,341 3437,341 3439,341 3452,334 3472,324 3528,322 3556,331 3581,338 3582,338 3654,340 3655,340 3773,321 3773,305 3771,268 3738,268 3737,268 3715,257 3714,257 3712,257 3711,257 3692,267 3636,270 3592,273 3586,271 3570,265 3569,265 3567,265 3566,265 3551,271 3548,273 3543,273 3462,258 3461,258 3459,258 3420,274 3366,262 3364,262 3300,276 3269,270 3268,270 3266,270 3265,270 3252,277 3239,286 3129,289 3109,280 3097,276 3096,276 3001,273 2999,273 2916,278 2914,278 2913,278 2904,284 2885,296 2837,290 2835,290 2834,290 2833,290 2821,297 2796,286 2790,284 2789,284 2787,284 2786,284 2778,287 2736,302 2679,292 2678,292 2676,292 2624,305 2589,292 2587,292 2586,292 2584,292 2552,308 2521,308 2495,293 2491,290 2489,290 2488,290 2346,295 2349,350"/>
        <Baseline points="2349,350 3189,318 3411,303 3773,305"/>
        <TextEquiv conf="0.9717561289415522">
          <Unicode>differens Estats. Car on elle est engagee Carta roue 2G. de</Unicode>
        </TextEquiv>
      </TextLine>

      
      
      <TextLine id="eSc_line_5340762e" custom="structure {type:default;}">
        <Coords points="3341,373 3369,365 3405,369 3436,372 3437,372 3439,372 3453,365 3453,347 3451,327 3360,318 3359,318 3357,318 3338,325 3340,349"/>
        <Baseline points="3340,349 3453,347"/>
        <TextEquiv conf="0.9265011474490166">
          <Unicode>est adia</Unicode>
        </TextEquiv>
      </TextLine>

      
      
      <TextLine id="eSc_line_567d3581" custom="structure {type:default;}">
        <Coords points="2355,452 2435,432 2529,444 2542,445 2543,445 2567,442 2698,420 2727,433 2733,436 2735,436 2736,436 2967,429 2968,429 2986,420 3008,408 3145,410 3147,410 3148,410 3163,403 3188,410 3190,410 3192,410 3193,410 3201,408 3236,401 3264,406 3307,413 3309,413 3310,413 3348,401 3364,395 3458,395 3459,395 3487,408 3489,408 3490,408 3491,408 3554,391 3556,391 3559,391 3702,394 3703,394 3762,379 3762,366 3757,331 3728,343 3645,344 3597,337 3579,334 3578,334 3576,334 3560,338 3516,350 3192,362 3134,353 3117,351 3116,351 3115,351 3107,354 3075,366 3030,357 3022,356 3021,356 3006,357 2941,369 2916,362 2913,360 2911,360 2910,360 2809,363 2783,366 2648,382 2621,372 2619,372 2618,372 2609,372 2463,385 2439,378 2438,378 2437,378 2435,378 2434,378 2432,378 2415,388 2350,382 2353,426"/>
        <Baseline points="2353,426 2835,406 3049,389 3762,366"/>
        <TextEquiv conf="0.9627793623850895">
          <Unicode>Tarbre 2A2B est engagee dans le graud mounement on tans la roue a</Unicode>
        </TextEquiv>
      </TextLine>

      
      
      <TextLine id="eSc_line_abc8c398" custom="structure {type:default;}">
        <Coords points="2355,519 2458,517 2524,502 2581,511 2583,511 2584,511 2629,492 2644,500 2646,500 2647,500 2648,500 2757,487 2866,499 2869,499 2871,499 2873,499 2976,477 3040,486 3041,486 3122,471 3176,486 3177,486 3179,486 3180,486 3318,480 3319,480 3321,480 3357,460 3505,455 3556,462 3557,462 3559,462 3592,451 3624,465 3626,465 3627,465 3766,460 3766,432 3760,404 3635,407 3597,395 3595,395 3594,395 3592,395 3563,406 3531,397 3529,397 3528,397 3458,407 3420,401 3418,401 3417,401 3375,419 3338,413 3337,413 3283,423 3262,413 3261,413 3145,413 3144,413 3142,413 3074,432 3009,419 3008,419 3006,419 2976,436 2939,438 2871,425 2869,425 2868,425 2828,435 2803,427 2802,427 2800,427 2799,427 2761,445 2701,435 2700,435 2698,435 2662,451 2581,452 2564,444 2562,444 2561,444 2524,451 2495,441 2494,441 2492,441 2491,441 2437,455 2390,445 2388,445 2387,445 2353,461 2355,487"/>
        <Baseline points="2355,487 3490,438 3766,432"/>
        <TextEquiv conf="0.9785985389063435">
          <Unicode>dens deuts inegales u on elle ne l&#x27;est pas. Si ella in est pas</Unicode>
        </TextEquiv>
      </TextLine>

      
      
      <TextLine id="eSc_line_090e6348" custom="structure {type:default;}">
        <Coords points="2682,518 2812,524 2812,500 2808,473 2679,483 2682,508"/>
        <Baseline points="2682,508 2812,500"/>
        <TextEquiv conf="0.9545583043779645">
          <Unicode>en suit</Unicode>
        </TextEquiv>
      </TextLine>

      
      
      <TextLine id="eSc_line_ce85b1e7" custom="structure {type:default;}">
        <Coords points="2692,505 2691,505 2689,505 2688,505 2686,505 2660,518 2590,519 2558,506 2556,506 2555,506 2553,506 2514,525 2454,528 2407,528 2343,514 2346,557 2347,591 2460,579 2513,584 2520,584 2521,584 2523,584 2524,584 2536,575 2594,579 2606,579 2608,579 2609,579 2613,578 2648,565 2667,575 2670,576 2672,576 2673,576 2733,573 2735,573 2745,571 2797,553 2927,549 2999,556 3031,559 3033,559 3150,553 3151,553 3164,547 3169,544 3174,546 3186,550 3188,550 3189,550 3190,550 3192,550 3201,544 3214,537 3240,543 3246,543 3247,543 3249,543 3256,541 3303,530 3348,536 3379,540 3380,540 3382,540 3399,533 3423,524 3510,527 3594,530 3595,530 3648,519 3690,511 3781,511 3781,493 3775,452 3734,464 3646,460 3645,460 3643,460 3608,470 3576,460 3560,455 3559,455 3557,455 3556,455 3537,462 3519,470 3451,471 3433,467 3418,462 3417,462 3415,462 3414,462 3413,462 3405,468 3398,471 3379,468 3361,467 3360,467 3359,467 3351,470 3322,483 3247,474 3240,474 3239,474 3237,474 3236,474 3215,484 3189,477 3174,473 3173,473 3171,473 3093,477 3091,477 3082,481 3062,492 3028,484 3017,481 3015,481 2904,486 2903,486 2895,489 2871,503 2847,496 2846,496 2844,496 2843,496 2811,511 2719,514 2698,506 2694,508"/>
        <Baseline points="2346,557 2705,547 3366,506 3781,493"/>
        <TextEquiv conf="0.9454613738372678">
          <Unicode>erngagae, alos ette n est menees _ l&#x27;arbre 2H2B n est mere ne</Unicode>
        </TextEquiv>
      </TextLine>

      
      
      <TextLine id="eSc_line_ad563d32" custom="structure {type:default;}">
        <Coords points="2337,645 2422,630 2456,641 2457,641 2458,641 2508,632 2612,636 2613,636 2615,636 2663,619 2736,614 2802,626 2803,626 2805,626 2853,611 2897,625 2898,625 2900,625 2963,610 3005,622 3006,622 3008,622 3009,622 3138,600 3189,614 3190,614 3192,614 3220,614 3245,613 3246,613 3323,591 3367,591 3391,601 3392,601 3394,601 3395,601 3396,601 3411,591 3464,598 3465,598 3467,598 3521,584 3598,582 3652,595 3654,595 3655,595 3826,591 3826,559 3823,517 3753,525 3674,524 3633,522 3632,522 3630,522 3617,525 3576,538 3553,530 3547,527 3546,527 3544,527 3512,531 3452,540 3404,537 3353,533 3351,533 3350,533 3325,540 3293,552 3246,552 3204,546 3155,540 3154,540 3152,540 3112,550 3069,563 2965,565 2949,559 2929,550 2927,550 2926,550 2925,550 2923,550 2907,560 2901,565 2887,562 2878,560 2876,560 2875,560 2866,563 2837,572 2755,573 2742,569 2735,566 2733,566 2732,566 2730,566 2729,566 2724,569 2716,575 2523,582 2494,581 2415,576 2413,576 2412,576 2391,587 2388,588 2336,588 2337,622"/>
        <Baseline points="2337,622 2526,607 2919,595 3234,576 3826,559"/>
        <TextEquiv conf="0.977672602981329">
          <Unicode>pent estre mene que par le transport du precedent 1A. B. De plus</Unicode>
        </TextEquiv>
      </TextLine>

      
      
      <TextLine id="eSc_line_7ce4d78e" custom="structure {type:default;}">
        <Coords points="2328,699 2428,711 2429,711 2524,690 2530,690 2539,690 2664,699 2666,699 2667,699 2701,683 2702,683 2705,683 2761,689 2762,689 2764,689 2765,689 2777,680 2802,692 2803,692 2805,692 2930,689 2932,689 2995,670 2998,670 2999,670 3062,682 3063,682 3065,682 3110,668 3195,677 3196,677 3354,655 3386,661 3388,661 3389,661 3391,661 3402,652 3415,658 3417,658 3418,658 3465,649 3481,657 3483,657 3484,657 3529,647 3531,647 3535,647 3622,647 3649,654 3651,654 3652,654 3654,654 3711,639 3769,648 3771,648 3772,648 3806,633 3806,628 3803,590 3788,584 3787,584 3785,584 3784,584 3768,591 3749,601 3699,601 3686,595 3678,591 3677,591 3676,591 3646,597 3607,606 3591,600 3586,598 3585,598 3584,598 3582,598 3575,600 3548,609 3521,603 3509,601 3508,601 3477,606 3411,614 3378,610 3353,607 3351,607 3350,607 3335,613 3315,619 3291,614 3280,613 3278,613 3255,616 3211,623 3193,619 3151,609 3150,609 3148,609 3147,609 3085,625 3082,625 3081,625 3028,616 3027,616 3025,616 3024,616 3003,629 2996,632 2944,632 2789,629 2787,629 2786,629 2762,641 2757,644 2682,647 2675,645 2635,632 2634,632 2632,632 2631,632 2613,641 2418,641 2416,641 2327,661 2328,686"/>
        <Baseline points="2328,686 3418,635 3806,628"/>
        <TextEquiv conf="0.978884611398943">
          <Unicode>soit que l&#x27;arbre sort eagage dans le grand monvement ou non il</Unicode>
        </TextEquiv>
      </TextLine>

      
      
      <TextLine id="eSc_line_a8b25e47" custom="structure {type:default;}">
        <Coords points="2409,721 2394,721 2380,721 2365,721 2362,715 2302,717 2304,767 2308,768 2320,769 2321,769 2323,769 2327,768 2347,758 2377,766 2409,775 2410,775 2412,775 2562,769 2564,769 2565,769 2580,760 2584,758 2591,759 2618,768 2619,768 2621,768 2749,763 2751,763 2780,753 2784,753 2787,753 2819,760 2821,760 2822,760 2843,752 2856,747 2897,750 2964,756 2965,756 2967,756 2996,747 3033,736 3079,734 3116,744 3129,747 3131,747 3132,747 3134,747 3147,743 3192,727 3541,718 3570,725 3572,725 3573,725 3575,725 3600,712 3642,712 3677,722 3678,722 3769,724 3771,701 3766,644 3680,644 3678,644 3677,644 3664,648 3592,674 3551,674 3494,657 3484,654 3483,654 3481,654 3480,654 3468,658 3453,663 3418,661 3342,655 3341,655 3275,668 3268,668 3265,668 3231,663 3230,663 3228,663 3212,671 3201,677 3183,673 3164,667 3163,667 3161,667 3160,667 3139,674 3117,683 3103,677 3097,674 3096,674 3094,674 3093,674 3084,677 3075,682 3068,679 3043,667 3041,667 3040,667 2967,668 2965,668 2932,686 2919,692 2901,687 2866,677 2865,677 2863,677 2822,680 2821,680 2793,692 2774,701 2748,695 2689,682 2625,682 2624,682 2622,682 2580,703 2568,709 2425,714 2423,721"/>
        <Baseline points="2303,746 2683,739 3356,705 3771,701"/>
        <TextEquiv conf="0.9743534232440748">
          <Unicode>fail pent tousionis ncr le transport de l&#x27;arbre precedent</Unicode>
        </TextEquiv>
      </TextLine>

      
      
      <TextLine id="eSc_line_5d17a517" custom="structure {type:default;}">
        <Coords points="2356,743 2371,743 2385,743 2400,741 2415,741 2429,741 2429,720 2429,702 2356,702 2356,720"/>
        <Baseline points="2356,720 2429,720"/>
        <TextEquiv>
          <Unicode></Unicode>
        </TextEquiv>
      </TextLine>

      
      
      <TextLine id="eSc_line_2ee3b980" custom="structure {type:default;}">
        <Coords points="3098,768 3218,756 3218,749 3214,721 3097,730 3098,752"/>
        <Baseline points="3098,752 3218,749"/>
        <TextEquiv>
          <Unicode></Unicode>
        </TextEquiv>
      </TextLine>

      
      
      <TextLine id="eSc_line_e1d7aaea" custom="structure {type:default;}">
        <Coords points="3199,750 3185,750 3183,750 3173,753 3157,758 3110,756 3062,755 3060,755 3006,760 2955,766 2936,763 2872,753 2783,753 2781,753 2780,753 2745,763 2724,758 2723,758 2721,758 2720,758 2673,774 2605,760 2603,760 2602,760 2570,775 2551,769 2549,769 2548,769 2546,769 2545,769 2527,781 2524,784 2442,785 2441,796 2426,796 2412,796 2397,796 2383,796 2368,796 2353,796 2355,823 2355,841 2388,844 2390,844 2391,844 2403,839 2428,832 2457,838 2492,845 2494,845 2742,836 2743,836 2764,828 2789,816 2873,814 2917,823 2939,826 2941,826 2942,826 2955,822 2965,817 3020,819 3060,820 3062,820 3107,816 3307,796 3322,803 3323,803 3325,803 3366,796 3398,807 3401,807 3402,807 3404,807 3405,807 3410,806 3465,788 3591,784 3623,784 3648,798 3649,798 3651,798 3652,798 3661,797 3766,781 3787,791 3788,791 3790,793 3835,793 3835,760 3832,724 3771,717 3769,717 3768,717 3730,730 3718,734 3554,741 3544,737 3516,724 3515,724 3513,724 3274,733 3272,733 3271,733 3247,747 3218,741 3217,741 3214,750"/>
        <Baseline points="2355,823 2559,817 2808,797 3432,769 3835,760"/>
        <TextEquiv conf="0.9651882082729016">
          <Unicode>intin fort quil recoinne untransport ui precedent, ou qu&#x27;il</Unicode>
        </TextEquiv>
      </TextLine>

      
      
      <TextLine id="eSc_line_c1deed18" custom="structure {type:default;}">
        <Coords points="2345,920 2380,895 2429,901 2431,901 2480,889 2496,902 2502,907 2504,907 2505,907 2507,907 2508,907 2533,898 2564,886 2580,892 2605,901 2606,901 2608,901 2710,892 2711,892 2713,892 2742,873 2748,869 2755,871 2771,876 2773,876 2774,876 2776,876 2777,876 2777,874 2784,867 2789,863 2846,860 2846,847 2843,814 2776,806 2774,806 2773,806 2771,806 2771,807 2759,817 2748,831 2702,823 2701,823 2700,823 2673,838 2543,847 2485,832 2477,831 2476,831 2475,831 2473,831 2467,833 2457,838 2444,835 2431,831 2429,831 2428,831 2336,839 2340,886"/>
        <Baseline points="2340,886 2602,873 2846,847"/>
        <TextEquiv conf="0.9784086585044861">
          <Unicode>so ait son monnement</Unicode>
        </TextEquiv>
      </TextLine>

      
      
      <TextLine id="eSc_line_3e59e893" custom="structure {type:default;}">
        <Coords points="2759,895 2809,901 2811,879 2808,863 2758,861 2759,880"/>
        <Baseline points="2759,880 2811,879"/>
        <TextEquiv>
          <Unicode></Unicode>
        </TextEquiv>
      </TextLine>

      
      
      <TextLine id="eSc_line_5749f3b2" custom="structure {type:default;}">
        <Coords points="2900,866 3039,869 3040,848 3036,809 2898,810 2900,851"/>
        <Baseline points="2900,851 3040,848"/>
        <TextEquiv conf="0.8862054646015167">
          <Unicode>n.</Unicode>
        </TextEquiv>
      </TextLine>

      
      
      <TextLine id="eSc_line_7d7dbb48" custom="structure {type:default;}">
        <Coords points="3174,858 3318,848 3318,841 3313,816 3173,822 3174,844"/>
        <Baseline points="3174,844 3318,841"/>
        <TextEquiv conf="0.9940921664237976">
          <Unicode>e</Unicode>
        </TextEquiv>
      </TextLine>

      
      
      <TextLine id="eSc_line_bc83686c" custom="structure {type:default;}">
        <Coords points="2337,952 2410,965 2412,965 2413,965 2456,955 2562,963 2564,963 2697,958 2698,958 2746,939 2755,934 2802,934 2814,937 2863,950 2865,950 2866,950 2868,950 2930,933 2948,928 2965,931 3014,942 3015,943 3131,943 3131,942 3132,942 3134,942 3145,934 3268,936 3269,936 3271,936 3304,921 3321,912 3531,907 3560,912 3611,923 3613,923 3614,923 3646,909 3661,904 3678,908 3715,918 3716,918 3718,918 3719,918 3750,907 3760,902 3798,904 3801,880 3797,833 3686,854 3617,844 3616,844 3614,844 3595,852 3560,845 3547,842 3546,842 3544,842 3537,845 3513,858 3429,851 3388,848 3386,848 3357,855 3319,864 3299,858 3284,852 3283,852 3281,852 3207,855 3205,855 3186,863 3158,874 3090,869 3072,867 3071,867 3069,867 3060,870 3028,879 2973,874 2897,867 2895,867 2894,867 2846,880 2818,888 2752,885 2701,883 2700,883 2648,890 2613,895 2603,892 2564,880 2562,880 2561,880 2559,880 2529,895 2447,889 2445,889 2444,889 2420,902 2418,904 2334,905 2337,943"/>
        <Baseline points="2337,943 2894,921 3040,905 3424,888 3801,880"/>
        <TextEquiv conf="0.949647084566263">
          <Unicode>premiciemens posoes que u premierement ar le dit arbre pent estre</Unicode>
        </TextEquiv>
      </TextLine>

      
      
      <TextLine id="eSc_line_a7977428" custom="structure {type:default;}">
        <Coords points="2362,1018 2448,1010 2472,1015 2486,1018 2488,1018 2518,1013 2561,1006 2597,1009 2625,1012 2627,1012 2651,1007 2691,999 2705,1004 2713,1007 2714,1007 2716,1007 2717,1007 2733,1003 2758,997 2776,1001 2787,1004 2789,1004 2790,1004 2792,1004 2803,1000 2825,991 2925,988 3017,991 3050,991 3052,991 3071,988 3120,980 3154,985 3170,987 3171,987 3173,987 3185,984 3207,977 3223,981 3230,984 3231,984 3233,984 3348,980 3373,975 3417,966 3477,971 3510,972 3512,972 3513,972 3529,968 3557,961 3620,963 3642,965 3643,965 3645,965 3652,962 3677,955 3689,961 3695,963 3696,963 3697,963 3750,958 3750,939 3749,912 3686,896 3684,896 3683,896 3681,896 3655,914 3619,907 3617,907 3616,907 3582,917 3572,921 3478,924 3455,921 3380,909 3379,909 3288,914 3287,914 3285,914 3265,927 3253,934 3212,936 3113,931 3025,928 3024,928 3022,928 3008,936 2983,947 2819,953 2799,942 2790,936 2789,936 2787,936 2786,936 2784,936 2783,936 2774,943 2752,956 2675,946 2663,944 2662,944 2660,944 2653,946 2589,963 2520,950 2508,949 2507,949 2359,955 2362,996"/>
        <Baseline points="2362,996 3519,943 3750,939"/>
        <TextEquiv conf="0.9774078619284708">
          <Unicode>engage dais le graud monnement du non . il est engage dans le</Unicode>
        </TextEquiv>
      </TextLine>

      
      
      <TextLine id="eSc_line_86074f14" custom="structure {type:default;}">
        <Coords points="2365,1080 2422,1064 2549,1055 2619,1067 2624,1067 2625,1067 2786,1058 2787,1058 2789,1058 2812,1042 2841,1047 2843,1047 2844,1047 2859,1039 2901,1048 2903,1048 2904,1048 2945,1035 2968,1042 2970,1042 2971,1042 2973,1042 3008,1034 3025,1042 3027,1042 3028,1042 3030,1042 3060,1029 3112,1035 3113,1035 3202,1022 3247,1034 3259,1035 3261,1035 3278,1031 3348,1013 3389,1013 3423,1023 3432,1026 3433,1026 3434,1026 3481,1023 3483,1023 3491,1020 3521,1004 3636,1001 3695,1009 3722,1012 3724,1012 3787,1003 3787,981 3784,953 3703,956 3700,956 3670,946 3668,946 3667,946 3665,946 3638,959 3633,961 3624,959 3581,952 3579,952 3578,952 3532,963 3518,966 3490,965 3404,959 3402,959 3401,959 3363,971 3344,977 3227,981 3193,978 3148,972 3147,972 3145,972 3122,981 3103,987 3068,982 3030,978 3028,978 3027,978 3012,985 2996,993 2961,987 2946,985 2945,985 2900,990 2765,1004 2694,999 2669,997 2667,997 2666,997 2660,1000 2647,1007 2584,1003 2572,1003 2571,1003 2570,1003 2568,1003 2568,1004 2551,1015 2523,1006 2518,1004 2517,1004 2515,1004 2422,1009 2420,1009 2419,1009 2418,1010 2400,1020 2361,1013 2364,1051"/>
        <Baseline points="2364,1051 3161,1004 3787,981"/>
        <TextEquiv conf="0.9668904854290521">
          <Unicode>graud inineneat; lors que sa roue  2G est engagec dans la cone dans</Unicode>
        </TextEquiv>
      </TextLine>

      
      
      <TextLine id="eSc_line_d615d82d" custom="structure {type:default;}">
        <Coords points="2309,788 2305,786 2307,816 2444,806 2445,796 2442,762 2420,768 2383,763 2339,758 2337,758 2336,758 2334,758 2323,793"/>
        <Baseline points="2306,794 2445,796"/>
        <TextEquiv>
          <Unicode></Unicode>
        </TextEquiv>
      </TextLine>

      
    </TextRegion>
    
    <TextRegion id="r4"  custom="structure {type:MarginTextZone;}">
      <Coords points="1958,1062 1927,1134 1925,1228 1963,1321 2077,1332 2257,1297 2313,1244 2330,1126 2257,1071 2072,1066 2001,1051"/>
      
      
      <TextLine id="eSc_line_4ca4d71f_a" custom="structure {type:default;}">
        <Coords points="2263,1269 2261,1269 2260,1269 2217,1285 2220,1304 2257,1297 2283,1272"/>
        
        <TextEquiv>
          <Unicode></Unicode>
        </TextEquiv>
      </TextLine>

      
      
      <TextLine id="eSc_line_15a192a7" custom="structure {type:default;}">
        <Coords points="1960,1123 2007,1139 2008,1139 2010,1139 2084,1131 2101,1139 2102,1139 2103,1139 2105,1139 2106,1139 2127,1124 2130,1124 2152,1131 2153,1131 2155,1131 2200,1126 2210,1124 2213,1126 2228,1139 2229,1139 2231,1139 2232,1139 2233,1139 2261,1127 2323,1126 2323,1121 2265,1077 2212,1077 2198,1073 2184,1069 2107,1067 2102,1070 2096,1074 2051,1073 2045,1067 2038,1061 2036,1061 2035,1061 2033,1061 1960,1064 1960,1105"/>
        <Baseline points="1960,1105 2302,1105"/>
        <TextEquiv conf="0.9528507249695914">
          <Unicode>Aqui n est pas</Unicode>
        </TextEquiv>
      </TextLine>

      
      
      <TextLine id="eSc_line_55292054" custom="structure {type:default;}">
        <Coords points="1950,1232 1989,1222 2016,1228 2026,1231 2027,1231 2029,1231 2030,1231 2032,1231 2036,1226 2048,1218 2087,1218 2098,1223 2108,1228 2109,1228 2111,1228 2233,1213 2233,1199 2229,1158 2106,1178 2089,1178 2074,1166 2073,1164 2071,1164 2070,1164 2068,1164 2067,1164 2058,1166 2025,1181 1981,1181 1972,1172 1966,1168 1966,1166 1965,1166 1963,1166 1962,1166 1960,1166 1946,1172 1949,1209"/>
        <Baseline points="1949,1209 2233,1199"/>
        <TextEquiv conf="0.991267200311025">
          <Unicode>dans le modelle</Unicode>
        </TextEquiv>
      </TextLine>

      
      
      <TextLine id="eSc_line_c6949cde" custom="structure {type:default;}">
        <Coords points="2238,1210 2181,1204 2179,1204 2178,1204 2176,1204 2176,1206 2166,1218 2114,1221 2095,1210 2093,1210 2092,1210 1968,1231 1970,1254 1970,1276 2022,1276 2026,1277 2054,1288 2055,1288 2057,1288 2058,1288 2083,1276 2099,1269 2114,1276 2115,1276 2117,1276 2118,1276 2120,1276 2122,1275 2152,1266 2169,1275 2178,1279 2179,1279 2181,1279 2269,1272 2267,1234 2258,1222 2245,1221"/>
        <Baseline points="1970,1254 2267,1234"/>
        <TextEquiv conf="0.9709643195657169">
          <Unicode>mais qui est asse</Unicode>
        </TextEquiv>
      </TextLine>

      
      
      <TextLine id="eSc_line_544b3952" custom="structure {type:default;}">
        <Coords points="1944,1177 1997,1190 1998,1190 2041,1187 2042,1187 2044,1187 2063,1174 2102,1184 2103,1184 2105,1184 2106,1184 2147,1166 2159,1174 2160,1174 2162,1174 2163,1174 2216,1162 2219,1162 2220,1162 2242,1171 2244,1171 2245,1171 2247,1171 2293,1158 2293,1145 2289,1121 2222,1127 2212,1123 2207,1120 2206,1120 2204,1120 2203,1120 2197,1123 2182,1129 2159,1123 2131,1117 2130,1117 2090,1124 2020,1140 1997,1140 1984,1127 1982,1127 1982,1126 1981,1126 1979,1126 1978,1126 1941,1127 1944,1164"/>
        <Baseline points="1944,1164 2293,1145"/>
        <TextEquiv conf="0.9571965995587801">
          <Unicode>dans ce dessemi, ut</Unicode>
        </TextEquiv>
      </TextLine>

      
      
      <TextLine id="eSc_line_e5e593da" custom="structure {type:default;}">
        <Coords points="2258,1200 2309,1185 2308,1166 2304,1145 2252,1150 2255,1171"/>
        <Baseline points="2255,1171 2308,1166"/>
        <TextEquiv conf="0.9968448877334595">
          <Unicode>s</Unicode>
        </TextEquiv>
      </TextLine>

      
      
      <TextLine id="eSc_line_320463cc" custom="structure {type:default;}">
        <Coords points="1969,1322 2007,1325 2114,1315 2112,1289 2106,1260 2074,1275 1965,1277 1968,1304"/>
        <Baseline points="1968,1304 2112,1289"/>
        <TextEquiv conf="0.9807979067166647">
          <Unicode>connue</Unicode>
        </TextEquiv>
      </TextLine>

      
      
      <TextLine id="eSc_line_63534bad" custom="structure {type:default;}">
        <Coords points="1973,1069 1997,1069 1997,1053 1997,1052 1973,1058"/>
        <Baseline points="1992,1053 1997,1053"/>
        <TextEquiv>
          <Unicode></Unicode>
        </TextEquiv>
      </TextLine>

      
    </TextRegion>
    
    <TextRegion id="r0"  custom="structure {type:DigitizationArtefactZone;}">
      <Coords points="2451,2332 2367,2340 2145,2340 2099,2336 2021,2335 1886,2346 1037,2345 805,2350 304,2346 197,2342 48,2346 0,2342 0,2628 3864,2628 3864,2346 3842,2345 3811,2336 3783,2335 3700,2335 3672,2342 3643,2345 3470,2346 3170,2341 2990,2342 2888,2337 2583,2342 2496,2333"/>
      
      
      <TextLine id="eSc_line_58307d1a_b" custom="structure {type:default;}">
        <Coords points="2926,2354 2926,2339 2888,2337 2583,2342 2496,2333 2451,2332 2399,2337 2399,2357"/>
        
        <TextEquiv>
          <Unicode></Unicode>
        </TextEquiv>
      </TextLine>

      
      
      <TextLine id="eSc_line_f9565276" custom="structure {type:default;}">
        <Coords points="295,2500 942,2499 942,2478 938,2452 293,2456 295,2484"/>
        <Baseline points="295,2484 942,2478"/>
        <TextEquiv conf="0.9554807824747903">
          <Unicode>COTTFREDUILHEIM LEIBNIZ BIBLIOTHIEN</Unicode>
        </TextEquiv>
      </TextLine>

      
      
      <TextLine id="eSc_line_e5b9a5ce" custom="structure {type:default;}">
        <Coords points="3266,2504 3661,2504 3662,2480 3658,2458 3265,2462 3266,2485"/>
        <Baseline points="3266,2485 3662,2480"/>
        <TextEquiv conf="0.9602071008374614">
          <Unicode>Signatur: LH 42. 4. 1. 1351-181</Unicode>
        </TextEquiv>
      </TextLine>

      
      
      <TextLine id="eSc_line_cbd5c293" custom="structure {type:default;}">
        <Coords points="299,2560 949,2560 951,2535 946,2510 298,2512 299,2538"/>
        <Baseline points="299,2538 951,2535"/>
        <TextEquiv conf="0.9867671693072599">
          <Unicode>NIEDERSACHSISCHE LANDESBIBLIOTHIEN</Unicode>
        </TextEquiv>
      </TextLine>

      
      
      <TextLine id="eSc_line_d9c768ae_b" custom="structure {type:default;}">
        <Coords points="2251,2355 2251,2340 2145,2340 2099,2336 2021,2335 1999,2337 2000,2357"/>
        
        <TextEquiv>
          <Unicode></Unicode>
        </TextEquiv>
      </TextLine>

      
      
      <TextLine id="eSc_line_cefe3e5d_a" custom="structure {type:default;}">
        <Coords points="3750,2358 3760,2358 3760,2335 3750,2335"/>
        
        <TextEquiv>
          <Unicode></Unicode>
        </TextEquiv>
      </TextLine>

      
    </TextRegion>
    
    <TextRegion id="r1"  custom="structure {type:MarginTextZone;}">
      <Coords points="1946,1592 1951,1640 1959,1667 1965,1716 1959,1744 1952,1754 1939,1788 1936,1814 1951,1904 1959,1924 1969,1935 1986,1942 2022,1943 2062,1949 2133,1931 2167,1928 2198,1919 2253,1919 2273,1916 2281,1908 2287,1899 2296,1869 2305,1841 2294,1798 2273,1760 2271,1658 2258,1584 2250,1567 2235,1558 2200,1553 1982,1561 1954,1570"/>
      
      
      <TextLine id="eSc_line_6bf251f9" custom="structure {type:default;}">
        <Coords points="2204,1599 2190,1597 2175,1599 2160,1600 2146,1602 2131,1603 2117,1605 2102,1603 2087,1605 2073,1606 2058,1594 2044,1594 2029,1594 2014,1594 2000,1609 1985,1606 1970,1609 1956,1596 1957,1612 1957,1634 2033,1624 2220,1624 2222,1602 2220,1599 2219,1599"/>
        <Baseline points="1957,1612 2222,1602"/>
        <TextEquiv conf="0.9562076883656638">
          <Unicode>at a mne oexee</Unicode>
        </TextEquiv>
      </TextLine>

      
      
      <TextLine id="eSc_line_f9bc50ae" custom="structure {type:default;}">
        <Coords points="1976,1622 1969,1622 1970,1651 1970,1676 2010,1676 2010,1675 2011,1675 2013,1675 2030,1665 2084,1672 2090,1672 2092,1672 2096,1672 2153,1659 2244,1666 2245,1643 2242,1621 2153,1612 2152,1612 2150,1612 2149,1612 2149,1613 2140,1621 2139,1622 2134,1621 2109,1613 2108,1613 2106,1613 2046,1616 2045,1616 2044,1616 2039,1621 2033,1625 1985,1622 1984,1625"/>
        <Baseline points="1970,1651 2245,1643"/>
        <TextEquiv conf="0.9936342676480611">
          <Unicode>partie du lour,</Unicode>
        </TextEquiv>
      </TextLine>

      
      
      <TextLine id="eSc_line_45050a0d" custom="structure {type:default;}">
        <Coords points="1998,1694 1989,1697 1985,1710 1985,1727 2049,1730 2051,1730 2052,1730 2071,1721 2077,1719 2162,1714 2165,1716 2181,1721 2182,1721 2184,1721 2247,1708 2247,1691 2244,1660 2184,1654 2182,1654 2181,1654 2179,1654 2159,1667 2153,1672 2141,1669 2118,1665 2117,1665 2115,1665 2098,1673 2095,1676 2092,1675 2076,1665 2074,1665 2073,1665 2071,1665 2070,1665 2068,1665 2068,1666 2055,1678 2025,1666 2023,1666 2022,1666 2020,1666 2019,1666 2017,1666 2011,1682"/>
        <Baseline points="1985,1710 2087,1698 2247,1691"/>
        <TextEquiv conf="0.9557960125116202">
          <Unicode> tout cela se</Unicode>
        </TextEquiv>
      </TextLine>

      
      
      <TextLine id="eSc_line_4b87aa7c" custom="structure {type:default;}">
        <Coords points="2025,1719 2003,1713 2004,1739 2006,1765 2032,1752 2060,1761 2061,1761 2063,1761 2064,1761 2065,1761 2067,1761 2068,1759 2083,1751 2109,1757 2121,1758 2122,1758 2149,1752 2194,1742 2239,1743 2241,1724 2236,1700"/>
        <Baseline points="2004,1739 2241,1724"/>
        <TextEquiv conf="0.9829572992665427">
          <Unicode>fait en peu de</Unicode>
        </TextEquiv>
      </TextLine>

      
      
      <TextLine id="eSc_line_771ed2b6" custom="structure {type:default;}">
        <Coords points="1976,1789 2064,1797 2065,1797 2067,1797 2068,1797 2089,1784 2106,1790 2108,1790 2109,1790 2178,1781 2190,1790 2190,1792 2191,1792 2193,1792 2194,1793 2228,1793 2228,1792 2229,1792 2231,1792 2245,1778 2245,1765 2242,1745 2207,1736 2206,1736 2204,1736 2203,1736 2203,1738 2194,1743 2193,1746 2185,1743 2160,1736 2159,1736 2158,1736 2156,1736 2155,1736 2155,1738 2147,1743 2143,1748 2106,1743 2077,1740 2076,1740 2074,1740 2073,1740 2070,1743 2060,1751 2044,1743 2035,1739 2033,1739 2032,1739 1975,1742 1976,1774"/>
        <Baseline points="1976,1774 2245,1765"/>
        <TextEquiv conf="0.9946575037070683">
          <Unicode>teraps a cause</Unicode>
        </TextEquiv>
      </TextLine>

      
      
      <TextLine id="eSc_line_8d51e1e7" custom="structure {type:default;}">
        <Coords points="2257,1792 2242,1792 2228,1792 2213,1790 2198,1790 2184,1790 2169,1790 2155,1790 2140,1789 2125,1789 2111,1789 2096,1789 2082,1787 2067,1787 2058,1790 1969,1783 1968,1783 1944,1784 1943,1784 1941,1784 1937,1811 1938,1821 1938,1826 1940,1841 1992,1838 1994,1838 1995,1838 2007,1828 2023,1837 2027,1838 2029,1838 2030,1838 2277,1815 2279,1799 2277,1792 2271,1792"/>
        <Baseline points="1938,1821 1979,1812 2279,1799"/>
        <TextEquiv conf="0.958802858988444">
          <Unicode>de la petitesse du</Unicode>
        </TextEquiv>
      </TextLine>

      
      
      <TextLine id="eSc_line_304ef555" custom="structure {type:default;}">
        <Coords points="2271,1834 2257,1834 2242,1834 2228,1834 2213,1834 2198,1834 2184,1834 2169,1834 2155,1834 2140,1834 2125,1834 2111,1834 2096,1834 2082,1834 2067,1834 2052,1834 2038,1835 2023,1851 2014,1830 1963,1831 1966,1856 1966,1881 1991,1891 1992,1891 1994,1891 1995,1891 2032,1875 2039,1872 2042,1875 2055,1887 2057,1887 2058,1887 2060,1887 2098,1885 2099,1885 2101,1885 2120,1869 2124,1866 2127,1869 2144,1882 2146,1882 2147,1882 2149,1882 2150,1882 2152,1882 2171,1866 2191,1878 2193,1878 2194,1878 2195,1878 2197,1878 2214,1863 2220,1859 2293,1859 2293,1838 2292,1834 2286,1834"/>
        <Baseline points="1966,1856 2293,1838"/>
        <TextEquiv conf="0.9227021073593813">
          <Unicode>Rignon sc pasotoi</Unicode>
        </TextEquiv>
      </TextLine>

      
      
      <TextLine id="eSc_line_ca59a5b4" custom="structure {type:default;}">
        <Coords points="2010,1885 1995,1895 1987,1875 1979,1875 1968,1866 1968,1898 1969,1920 2263,1908 2263,1887 2257,1850 2201,1868 2139,1869 2117,1857 2112,1856 2111,1856 2109,1856 2039,1857 2038,1857 2036,1857 2036,1859 2033,1860 2025,1881"/>
        <Baseline points="1968,1898 2263,1887"/>
        <TextEquiv conf="0.907841648374285">
          <Unicode>de l ca roneis</Unicode>
        </TextEquiv>
      </TextLine>

      
    </TextRegion>
    
    <TextRegion id="r2"  custom="structure {type:MarginTextZone;}">
      <Coords points="1959,2074 1959,2147 1966,2200 1973,2275 1989,2302 2004,2324 2021,2331 2218,2337 2305,2311 2322,2303 2338,2288 2317,2232 2335,2174 2340,2109 2349,2070 2319,2064 2286,2071 2268,2065 2206,2062 2074,2065 1984,2057 1966,2065"/>
      
      
      <TextLine id="eSc_line_b319d05e_a" custom="structure {type:default;}">
        <Coords points="2330,2091 2315,2082 2312,2075 2287,2071 2286,2071 2285,2071 2242,2064 2206,2062 2074,2065 2070,2065 1963,2069 1966,2103 1968,2129 2152,2120 2158,2120 2197,2130 2198,2130 2258,2122 2333,2126 2334,2126 2339,2126 2340,2109 2343,2096"/>
        <Baseline points="1966,2103 2179,2095 2311,2103 2342,2101"/>
        <TextEquiv conf="0.975199716431754">
          <Unicode>Ala piece 2 2d</Unicode>
        </TextEquiv>
      </TextLine>

      
      
      <TextLine id="eSc_line_e3b24c23_a" custom="structure {type:default;}">
        <Coords points="2245,2138 2231,2138 2216,2138 2201,2138 2187,2138 2184,2138 2163,2138 2158,2139 2147,2139 1968,2145 1970,2176 1970,2195 2333,2180 2335,2174 2338,2130 2330,2132 2260,2133 2260,2138"/>
        <Baseline points="1970,2176 2245,2171 2290,2167 2337,2154"/>
        <TextEquiv conf="0.9826237773895263">
          <Unicode>le colle collet qui escgo</Unicode>
        </TextEquiv>
      </TextLine>

      
      
      <TextLine id="eSc_line_f44460da" custom="structure {type:default;}">
        <Coords points="2149,2136 2134,2136 2120,2129 2105,2126 2090,2125 2076,2122 2061,2119 2057,2114 1973,2111 1975,2141 1976,2167 2022,2155 2046,2164 2049,2166 2051,2166 2052,2166 2054,2166 2060,2164 2098,2154 2147,2161 2165,2163 2166,2163 2269,2155 2270,2136 2266,2117 2231,2117 2228,2116 2212,2107 2210,2107 2209,2107 2207,2107 2181,2114 2172,2116 2163,2133"/>
        <Baseline points="1975,2141 2270,2136"/>
        <TextEquiv conf="0.9021253892117076">
          <Unicode>2D sepulie eloigne</Unicode>
        </TextEquiv>
      </TextLine>

      
      
      <TextLine id="eSc_line_91506ea1" custom="structure {type:default;}">
        <Coords points="2238,2186 2223,2187 2209,2187 2194,2189 2179,2190 2165,2192 2150,2193 2136,2195 2121,2196 2106,2198 2092,2199 2077,2201 2063,2202 2048,2202 2033,2203 2019,2205 2004,2203 1991,2180 1989,2180 1988,2180 1987,2180 1985,2180 1975,2186 1976,2211 1976,2224 2020,2220 2102,2228 2130,2230 2137,2230 2146,2230 2149,2228 2159,2217 2229,2217 2242,2227 2244,2227 2245,2227 2308,2230 2311,2205 2308,2179 2255,2180 2252,2184"/>
        <Baseline points="1976,2211 2112,2203 2311,2205"/>
        <TextEquiv conf="0.9724154642650059">
          <Unicode>dimere 2s de c</Unicode>
        </TextEquiv>
      </TextLine>

      
      
      <TextLine id="eSc_line_ae85dbdf" custom="structure {type:default;}">
        <Coords points="2011,2225 1997,2233 1985,2215 1982,2215 1984,2239 1984,2259 2055,2246 2108,2255 2109,2255 2171,2244 2182,2253 2184,2253 2185,2253 2187,2253 2232,2250 2232,2228 2228,2205 2032,2214 2026,2220"/>
        <Baseline points="1984,2239 2232,2228"/>
        <TextEquiv conf="0.9030229561030865">
          <Unicode>piere ronde acie</Unicode>
        </TextEquiv>
      </TextLine>

      
      
      <TextLine id="eSc_line_7c84b701" custom="structure {type:default;}">
        <Coords points="2032,2237 2017,2239 2004,2239 1988,2244 1989,2265 1991,2293 2014,2284 2051,2291 2071,2294 2073,2294 2098,2288 2111,2285 2114,2288 2118,2291 2118,2293 2120,2293 2121,2293 2122,2293 2182,2291 2184,2291 2204,2284 2213,2282 2228,2284 2293,2291 2295,2291 2296,2291 2298,2291 2308,2282 2308,2256 2305,2231 2263,2228 2261,2228 2260,2228 2258,2228 2251,2233 2232,2244 2188,2244 2178,2237 2174,2233 2172,2233 2171,2233 2169,2233 2168,2233 2158,2237 2146,2244 2096,2244 2077,2241 2052,2236 2046,2237"/>
        <Baseline points="1989,2265 2229,2265 2308,2256"/>
        <TextEquiv conf="0.9802261240342084">
          <Unicode>2A, et qu&#x27;immedia</Unicode>
        </TextEquiv>
      </TextLine>

      
      
      <TextLine id="eSc_line_d9c768ae_a" custom="structure {type:default;}">
        <Coords points="2011,2304 2001,2287 1997,2287 1998,2307 1998,2316 2004,2324 2021,2331 2218,2337 2251,2327 2250,2297 2248,2279 2214,2271 2213,2271 2212,2271 2210,2271 2179,2279 2108,2275 2106,2275 2105,2275 2103,2275 2103,2277 2096,2284 2095,2284 2079,2277 2077,2277 2076,2277 2074,2277 2073,2277 2073,2278 2065,2284 2064,2285 2060,2284 2036,2278 2035,2278 2033,2278 2026,2295"/>
        <Baseline points="1998,2307 2250,2297"/>
        <TextEquiv conf="0.9664823363224665">
          <Unicode>dement apres</Unicode>
        </TextEquiv>
      </TextLine>

      
    </TextRegion>
    
    <TextRegion id="r3"  custom="structure {type:NumberingZone;}">
      <Coords points="3697,2291 3690,2325 3698,2330 3743,2333 3762,2330 3777,2323 3779,2279 3776,2272 3752,2265 3737,2264 3706,2275"/>
      
      
      <TextLine id="eSc_line_cefe3e5d_b" custom="structure {type:default;}">
        <Coords points="3760,2313 3760,2267 3752,2265 3750,2265 3750,2313 3750,2332 3760,2330"/>
        <Baseline points="3750,2313 3760,2313"/>
        <TextEquiv>
          <Unicode></Unicode>
        </TextEquiv>
      </TextLine>

      
    </TextRegion>
    

    
  </Page>
</PcGts>
