2552 4301
391 66 592 133 ante.
129 86 1321 234 Hos autem omnia persuasos velim, me nulla
70 188 1283 332 hcvel ambitione vel lucri cupiditate duci
272 303 1290 439 Hos autem ante omnia persuasos velim
100 396 1307 530 nihil me hic praecipuum affectare, neque aliud
97 465 1307 621 Qu aliam quam hortaloris instigatonis et
152 587 334 707 horta
341 666 1316 814 olo autem omnia ex ipsorum non
102 771 1309 915 minus sententia transigi quam mea; neque
95 848 1350 994 aliai mihi quam hortantis personam surro;
117 931 1426 1077 laborem autem caetera pari cum conditione
133 1020 1345 1168 futurus, operamque illis eandem offerens, quam
133 1096 1321 1247 ab ipsis desidero. Itaque ut per gradus
138 1166 1589 1330 eamus,  consilia arbitror communicari primum
140 1252 1321 1409 dibere, ut constituatur societatis Leges
157 1318 1409 1471 quae illi e re videbuntur  constituantur
186 1395 1268 1555 deinde His autem constitate earumque
169 1500 721 1631 executio maturetur.
272 1538 1433 1703 Consilii men summa est, quam illis
150 1646 786 1794 perficiendam submitto.
277 1689 1414 1870 Consilii autem sive Desiderii mei summam
143 1768 1491 1933 Capita hic delineabo, quam m judiciis sumtmitto
126 1858 1409 2016 De Modo autem dicam paulo distinctius, conferamque
117 1916 1500 2085 cum illis, quier institutum institutune meum probabitur.
110 1973 1481 2167 quibus qui opira instituti rationem probabunt, auxiliaque
124 2109 664 2229 matua pollicebuntur
145 2120 2035 2322 Summa Consilii est Notitiarum humanarum potissimarum dudum cognitarum
126 2224 1603 2403 vitae utilium ordinatio hujg ad inveniendum apta
114 2310 1467 2485 qu Nam quemadmodum in numerorum progressionibus,
140 2365 1455 2559 tabula quadam condita apparttep modus eam
129 2413 1682 2621 sine ullo labore continuandi (ut si numeros quadratos ordine
131 2499 1744 2700 aliquis quaerat, seu qui fiant numerorum quo multiplicatione
145 2573 1565 2766 in seipsos, aliquis ordine quaerat, et in tatula exhibeat,
155 2647 1627 2855 apparebit d mox modus Tabulam continuandi facillimus
157 2740 1452 2929 per solam additionem sine multipli catione ulla
119 2864 700 2989 Numeri  1. 2.
755 2829 1326 2936 3. 4. 5. 6. 7.
114 2970 482 3072 quadrati O 1
630 2941 681 3027 4
774 2860 1808 3025 9 16 25 36 49 64 81 100
107 3013 597 3142 differentiae C 1 3
850 2960 1720 3113 7 9 11 13 15 17 19
100 3106 310 3218 seu impares
152 3077 1550 3295 Nam si numerum imparem ordine respondentem quadrato
157 3192 1352 3369 ut 49 addas, habebis quadratum sequentem 64.
143 3237 1665 3443 sola additione, nec opus est numerum 8 in se multiplicare rerum
647 3295 1698 3455 dc. Eodem modo Inventis  ulin tobu
143 3390 676 3514 idemque est in altioribus
145 3388 1715 3603 recte ordinatis patabit modo inventa continuandi, id est invenus
142 3476 1579 3682 longe facilio, quam si quis aliquod inventa aliqua eadem
167 3560 1455 3746 singulatim et a serie sua aulsa velut avulsa
167 3677 857 3799 invenire  tentaret
1670 2339 1959 2437 T aliquousque
1710 3240 2351 3346 Fubi difficilior multiplicatio est
1737 3306 2344 3409 ac proinde magnum habet
1777 3361 2351 3462 usum compendium hoc per
1799 3436 2019 3493 additionem
167 4169 630 4219 SOTTFREO MITIEIM LEIBIUL BIBLIOTTER
1966 4174 2356 4226 Signatr: LH4, S, T. (2I. IV
14 4198 635 4257 L. IncocesichoBCE EadOIsoBIOMEX
