4951 4282
3023 86 4915 218 Embryo imperfectus partus. nuper genitus infans vel crudus et indigestus J. L. foetus seu in
3009 159 3842 273 fans in utero materno ad huc latens L. P.
3016 273 4515 385 Emungere est aëre in capite collecto e naribus compresis mucum expellere.
3021 375 4920 511 Ephippia sunt tegmina seu stragula, quibus equi sternuntur, vel sellae equis ad insidendum imposita
3021 447 4620 559 vel instrumentum medio jumenti dorso alligatum, ut sessor eo commodius vehatur.
3016 523 4915 673 Exiscopus qui pro est pani et ceteris venalibus rebus, quae civitatum populis ob quotidianum victum
3016 604 4903 744 cessaria sunt. J. L . qui auctoritate presbysteris anteponitur M. ec clesiarum quavundam supremus insi
3021 692 4920 842 Epistola est colloquium cum absente vel quasi absente scriptiurâ factum. L. P. vel est scriptum animi nun
3019 770 4912 896 um ad absentes dut quasi absentes. Lipsius colloquium per literas institutum, profectum aut a negotio an
3026 825 4912 953 ab officio de rebus tum aliis, tum iis praecipue, quae in vita communi versantus Siberus sermo absentis a
3021 894 4858 1041 absentem perscriptus Horsius vel nuncius animi scriptus ad absentes de rebus, quas scire interest
3026 994 4460 1120 Equitare equo uti J. L equo insidere, ut ab eo in alium locum deportemur.
4803 984 4901 1063 tapet
3021 1096 4915 1232 Eremus locus solitarius J. L locus ab hominum commercio remotus, sive quo raro homines pervenium
3031 1191 4901 1336 Erigere rem longam in basin suam collocare, ut altera ejus pars perlineam rectam in attum em
3035 1308 4903 1448 Esca cibus hominum ac caterorum animalium. pactus animantium; quae datur avibus piscibus ve
4713 1315 4817 1382 reat
3028 1382 4025 1479 ad decipiendum. J. L. res ad comedendum destinatae.
3038 1465 4905 1593 Evangelium bonum nuntium. Evangelia sunt sacrificia et supplicationes, quae pro jucundo nuncio de
3038 1546 4893 1650 cerni consueverunt, vel merces allati jucundi nuntii. merces pro rei inventae nuntio J. L doctrina de
3038 1598 4898 1703 Christo et remissione peccatorum L. P. est concio gratiae gratuita meritum Christi eoque parta beneficia hia
3042 1650 4874 1777 nibus offerens et perfidem conferens, in Dei gloriam et eorum, quibus annunciatur, salutem. adnig
3035 1705 4115 1807 doctrina instruens nos desalute per Christum obtinenda.
3045 1805 4891 1922 Eucharistia est sacramentum Hovi Testamenti alterum, qua Deus hodie manu ministri Ealesiae ord
3042 1881 4884 1976 narii mediante pane benedicto verum atque substantiale suum corpus ore corporis, modo tamen super
3047 1926 4729 2033 turali manducandum, et mediante vino benedicto verum atque substantialem suum sanquinem
3042 1991 4824 2091 modo tamen hyperphysico nobisque incognito bibendum, communicantibus vere realiterque exhibet, ha
4763 1981 4884 2048 re corpo
3042 2043 4891 2171 fidem illorum confirmat, et gratiam foederalem iis obsignat in bonitatis et sapientiae suae laudo.
3050 2102 4879 2224 participantium salutem. Konig. vel est cum pane et vino corporis et sanguinis Christi distribum
3050 2164 4755 2290 facta in memoraam beneficiorum a Christo nobis exhibitorum, et remissionem peccatorum
4722 2243 4865 2305 dam
3045 2290 4767 2405 Evenire dicitur de bonis et malis P. vide accidere. contra opinionem aliquem obruere.
3050 2397 4893 2531 Examinare extrahere et animo alicujus, quod cupimus noscere. H. in profectus alicujus inquirer
3047 2495 4710 2614 Exanguis qui est sine sangrine J. L. sanguine destitutus, in quo motus sanguinis cessat.
3050 2604 4889 2726 Exanimare anima privare J. L. talem terrorem alicui injicere, ut anima suo officio per te
3054 2676 3459 2790 pus fungi nequeat.
3052 2780 4896 2909 Excellentia vide egregius. execellentia est, qua quis melioribus qualitatibus quam alter inst
3045 2859 3235 2945 ctus est.
3052 2945 4862 3073 Excommunicare ab ecclesia se parare L. P ex communione quadam aliquem excludere, vel
3047 3028 3889 3130 ticipatione sacrorum aliquem privare.
3052 3099 4896 3211 Excussio cum motione dejectio J. L. diligens inquisitio ac detentio rerum bonorumque princio
3057 3166 4901 3266 lis debitoris per judicem usque ad peram et sacculum effecta. H. ejectio inquirendi et discernendi cau
3054 3218 4896 3344 M. vel crebra agitatio rei flexilis ad aliquid ex illa ejiciendum. vel investigatio ei tium, quae circa res
3047 3280 3611 3394 aliquam consideranda sunt.
3059 3382 4884 3515 Exendere cudendo elicere vel cudendo conficere fcribere vel scriptum absolvere, studiose invenii
3052 3461 4087 3558 vi vel precibus extorquere. H cudendo rem perficere.
3054 3537 4882 3668 Exercere perfectionem aliquam in actum deducere; quae didicimus, praxi ostendere, vel var
3052 3608 3873 3692 is actionibus injunctis aliquem docere.
3059 3689 4882 3810 Exercitus numeri multi militum J. L ex Ulpian. multitudo militum ad bellum convenientiur
3057 3761 4874 3882 L P. collectio militum, in certas catervas distributorum, et ad hostem aliquem debellandum con-
3059 3832 3309 3913 scriptorum.
349 4053 1225 4122 COTTFRIEDVILHIELM LEIBNIZ BIBLIOTHIEK
4282 4065 4758 4129 Sionalur: LNI 4. 7D. 2. 12841. 230
349 4124 1225 4191 NIFDERSRCHSISCHE LANDESBIBLIOTHEK
4677 47 4753 118 2H
