4893 4258
3045 122 4829 248 Bractea tenuis est et sua sponte plicabilis, prae tenuitate crepitans J. L vel est metallum in
3035 189 3679 283 tenuem planitiem diductum.
3040 283 4486 416 Braxare coquere cerevisiam M. vel ex frumento cerevisiam praeparare.
3035 402 4826 551 Bucca interior concavitas, unde vex prodit, et qua concipitur flatus. J. L vel concavitas
3038 477 4850 624 malarum inflata aut extensa. vel ex H. est cavum oris intra malas, unde vox prodit, et
3038 551 4088 664 quae spiritu revocato a pulmonibus potest inflari.
3033 659 4306 756 Bulbus radix rotunda tunicata J. L sylvestre allium M ex Eustath.
3038 740 4852 917 Bulla vesicula aquae superstans M ex tunio. erat insigne puerorum praetestatorum dependens eit
3047 830 4843 955 apectore, ut significaretur, eam aetatem alterius regendam consitio J. L vel temis pars aquae ab pir
3042 889 4701 1026 in altitudinem pulsa et ab eo sustentata. fit, quando cer in partem quandam aquae sese insinuat
3033 986 4874 1154 Cacare ventris onus deponere J. L sive ventrem levare excrementis crassioribus per anum exeuntibus
3033 1090 4223 1222 Cadaves corpus quodcunque mortum J. L caro data vermibus H
4261 1140 4857 1279 vicquid ex corpore, quod olim vita
3033 1166 3596 1267 habuit, insepultum superest.
3028 1251 4398 1395 Caecitas facultatis visus orbitas. J. L vel carentia visus in subjecto capaci.
3030 1353 4817 1525 Caedere flagellis violenter tangere aliquem, ut dolore afficiatur. vel instrumentum secuns rei
3028 1419 3534 1511 modice durae intrudere.
3026 1516 4310 1641 Calare instrumento acuto sculpere in re quadam dura imagines
3023 1632 4564 1764 Cdelebs homo absque copula uxoria vivens L. P vel qui extra matrimonium vivit.
3021 1748 4824 1894 Caeremonia ritus sacer T. L ex Festo. vel est actio quaedam in cultu maximè divino usitata, vel
3023 1809 4717 1949 a Deo specialiter inpuncta, vel ab hominibus instituta, ut cultus is eo splendidior reddatur.
3028 1918 4817 2088 Caesius est color, qui coeli speciem habet J. L Caesius, id est, glaucis oculis, quasi felis oculos hab
3028 1987 3362 2079 et glaucos. H.
3030 2079 4859 2221 Caespes est terra cum herba in modum lateris casa, vel frutex recisus ac truncatus T. L ex Festo. vel
3026 2150 4486 2268 terra cum gramine effossa, oleositatem quandam habens adignem alendum.
3019 2259 4852 2417 Caspitare dicimur, cum pede aliquid percutientes quasi ruere cogimur; quasi caespitem offendere
3023 2341 4552 2464 J. L objectu rei cujusdam dure in ingrediendo impediri, ita ut pene concidamus.
3023 2434 4874 2568 Calamitas vide aerumna. Calamorum, id est, segetum comminutio, quae fit grandine aut tempestam
3028 2505 4661 2639 te. H status hominis afficti atque multa patientis, bonisque sibi convenientibus privati.
3023 2609 4880 2777 Calamus frutex aquaticus gracilis tennisque et tibiis fere ac scripturae aptus. surculus, qui ramo inse
3028 2680 4852 2843 ritur. J. L est virga, cui hamus filo aligatur ad capiendos pisces; it. quaecunque res teres et fistuloso
3019 2751 3847 2867 est illud, quod spicam frumenti sustinet.
3021 2845 4876 3016 Calcar est instrumentum ferreum pungens, quo equi ad celeriorem vectionem exstimulantur.
3021 2930 4379 3044 Fuxta J. L equorum ac jumentorum stimulus, qui ad calcem alligatur.
3011 3006 4869 3186 Calceus indumentum pedis, quod fit ex pellibus animalium. J. L vel indumentum, quo pe
3016 3087 3326 3167 des teguntor.
3011 3160 4878 3323 Calculus lapillus in corpore ex quo maximus cruciatus gignitur J. L vel lapillus terrae admista
3016 3233 4852 3370 rotundus atque durissimus, et omni puritate levissimus; ita dictus, quod sine molestia calcetur.
3009 3288 4866 3448 H. ex Isidoro vel calculi sunt lapilli, quibus luditur in ludo latrunculorum H. vel est lamina rotus
3011 3370 4282 3477 da aenea imaginibus insignita, qua inter supputandum utimur.
3014 3470 4869 3624 Caliga tegumentum tibiarum militare. J. L. Calceamenti militaris genus, quod solebant ferreis clavri
3026 3548 4138 3650 suffigere. H. calceamenti genus ad mediam usque tibiam M.
3019 3642 4874 3777 Callere callo obductum esse. vel seire quasi durata et firmata mente in notitia. M egregi.
3016 3721 3750 3837 am rei alicujus notitiam habere.
345 4030 1213 4097 GOFTFREDVVILHIELM LEIBNIIZ BIBLIOTHIEK
4235 4038 4703 4106 Sionatur: LFI a. 70. 2. 1263I-.131
333 4104 1218 4172 NIEDERSACNSISCHELANDESBIBLIOTHIEK
4677 85 4725 152 s
