4290 3665
44 28 810 116 de tandent qui se trouve vis a  i se–
203 16 574 54 atulone eosamone
688 8 737 48 a
794 26 935 63 n
877 32 1136 99 danpla Roces
44 71 1100 171 d'additioi, sur la quelle voas trouuciez eciito ce
38 140 1128 244 mot: nocabres, tommen are la vnc avec cette
44 203 1124 307 cheille en retrogradant de 7 vers 6. 5. etc jusque
38 264 1120 368 a l'Arrest = cela estant, fait, retiresz la
38 329 1083 433 cheville, et l'ayant enfonce dans le hrou de
1264 346 1430 388 demime
42 366 2094 496 la dent qui se troucce d present vis a vis de olare Lca qvist interieme  triteut laddctione
1248 407 2083 492 it facul avoii egard aux nembres interiears
40 435 1140 555 tournez demame jusque a lArrest, et vous auteque
1252 466 2043 551 et dans la soubstraction aux pxtericurs)
38 513 1152 621 la fomme de ces deux nombres et O. scavir
806 537 1639 629 Par e moea de la meme Roue d'addition
83 590 1108 682 7adjoute, enoles autres nombres
36 598 2037 759 qui se trouuent dans la eolomne des nombres, qui sont en nostre exemple equivalentes a 2
40 696 1413 816 ou qui est le meme en nostre tpothese, adjonteqy le nombre
36 767 1173 885 de 2, et vous aures 13
40 836 1110 956 somme de 7. 9. 2. et vous verrez
55 908 1228 1026 8 paroistre dans le cyslindre des produrts au desseus
48 973 1171 1099 de la Roue de Nombres, a travers du trou E.
42 1048 1144 1164 et 1. dans le cylindre, qui suit immediatement
38 1103 1150 1231 au desseus des dixaines, quoqueque 1. ne paroisse
36 1168 1136 1301 pas dans la figure ag dit endroit, par ce qu'il
46 1233 1112 1358 sera bien tost xchange) par les dexaines que nous
50 1301 1128 1429 adjouterens, qui sonf 3. 7. 2, ce qui se fera
36 1366 1218 1492 dans la Roue d'addition deftinee pour aux Dixaines
40 1414 1218 1549 tout de meme commu dans la Roue des Nombres.
44 1488 1171 1616 et nous verrons B paroistre dans le cylindre
42 1553 1124 1679 des dixaines, parce que 1. 3. 7. 2. font 13.
46 1612 1132 1730 l'unite qui re 8 mais L. paroistra dans l
50 1667 1201 1801 cyl indre suivant des sentaines, quorque it 1. n n'is
59 1730 1140 1867 paroisse pas dans la figure, a cause Vd'autres
65 1793 1136 1922 centaines qu'il y fant adsoriter dans la Rone
67 1846 1305 1991 des centaines sequoir, 1. 3. 5. et il oista 0.
61 1915 1212 2056 dans le cylinare des centaiires car 1. 1. 3. 5,
73 1977 1155 2115 font 10. et 2 e paroistra dans le Cylindre
67 2040 1269 2172 des Millenaires, mais il sera change par d'autres
79 2097 1207 2229 millenaires qu'il y fant adjonter, scavoit 2.5. 2
73 2160 1157 2296 qui feront paroistre O, dans le cylindre des
77 2219 1381 2357 Millenaires, et  dans le Gylndre des dixaines de nille
69 2294 1219 2422 parce que 1. 2. 5., font 10. de forte que nous
65 2361 1161 2477 aurons le produit. 10038. Pa fire
65 2422 1102 2555 une subtraction, il fant que le nombre dont
63 2494 1163 2622 il sat soubstruie se trinve La soubstraction
36 2567 1118 2683 est toute semblable excepte qu'on tourne d'un
46 2616 1114 2756 sens contraire. pr exemple soit le nombre
38 2683 1136 2807 donne, 10,000,oc0, dont il saut soubstraire
14 2736 1142 2877 lenombre. 9989, 9; faut mettre dans la machine
12 2801 1238 2929 le nombre comme si on ec commengoit a faire l'addition
28 2854 1169 3007 et puisque il n est compose que de o. il y sera deja
26 2919 1199 3062 an commencement de l'operation, car l'unite, qui
40 2986 1179 3125 precede ces O, tombe an de la de la machine,  mais
46 3039 1155 3184 il faut faire ccommei t _ 2, y estoit
40 3078 2090 3251 a present.  pour en substraite 9989962 il Z la dents qui se troune visa vis de 2, erenant de L
87 3121 2090 3292 fant reta ex enfoncer la cheville, dans letrou de 8cdaus la honc des nomtres duns le nrou de b
89 3208 1597 3341 dagta rone d et toutner vers laar est par 1 vers l avrest; de mame
1678 3229 2023 3331 vors enfoncerez
1207 25 1800 101 (prenant 7. qui est interiem)
1194 208 2114 295 ayant egard commerdit est, aux nomres interienrs
1254 246 2124 321 dutement en faisant, l'ado tion comme aux exticurs
1248 283 1872 361 opposes dans la soubstraction
1326 138 2100 197 cet a dire cusque a ce ovela reville,
1411 177 1845 232 heucte contrerl ob ac
1194 1358 2134 1496 Et au de surtet Meme nons ne sommes point
1314 1832 1537 1944 paroistra
1550 673 2118 773 Et st suc la page des dn
1414 716 2124 812 nom chiffres a ad poiter donaes
1371 765 2110 859 s'il y a des autres nombres encor
1328 808 2128 910 sur la colomns de nombres; par exemple
1311 871 1686 944 ontre 8 encor g.
1804 869 2063 924 6.43
1276 895 2096 987 dont la somme en tout est 38, factes ta
1267 938 2120 1034 mene chose comme trite faites comme avec
1287 985 2124 1079 g. Et vous aurez 8 sur lE. des nomtres
1277 1030 2132 1125 et 3, tur l'E des dipaines parceque la none
1246 1101 2122 1211 E encor da avace d'8 anites dravantaque
1283 1070 2116 1168 des nombres a fait trois tour enticrs
1242 1136 2132 1260 as apres vous passeres a la solomne des diouine
1220 1187 2114 1301 de la parc donnce. La soubstraction
1358 1223 2136 1402 Insia ce que nonsaxons leprodt toof
1269 1451 1757 1549 oblige a anum ond
1415 1472 2094 1592 Atonte semblable. an liea que vous
1281 1518 2094 1639 tomner e seus contrare  et qve vous
1281 1547 2116 1681 erctiet lade chiffre donnee dans le
1287 1598 2136 1708 chifhes enteriemes datimbe immobit,, et
1301 1641 2096 1763 l'ay que Caxant frouuet, vous tomm
1356 1671 2124 1793 ca menes la dent qui luus repoud
1344 1714 2134 1854 eis seus contraire a celius deadditu
1613 1771 1996 1887 jusq a l'arrest.
2664 469 2711 519 von
2212 468 3249 576 La Machine dont nous donnons icus la description
2189 537 3218 663 extericure, pnt bien passer pour une des plus
2556 541 2591 588 vi
2159 604 3293 741 extrardinaires productionas de l'esprit humam
2185 700 3175 822 qui a trouges moyen de se transplanter
2193 777 3230 887 de telle facon dans une matiere inanimee
2177 849 3218 981 qu'il luy donne le pouvoir, de faire bien plus
2181 936 3245 1062 qu'il n auroit fait luy meme: pour convainere
2172 999 3212 1150 sensiblement ceux qui ont de la difficulte a
2187 1091 3210 1223 concevoir que le freateur puisse loger une
2191 1166 3179 1301 apparence d'esprit un peu plus generale
2189 1242 3251 1376 dans le corps des bestes quoyque fourni de tant
2912 1315 3012 1376 mîme
2185 1341 3287 1455 d'organes: puisque le loton a peu receuvoir
2191 1417 3208 1527 imitation d'une operation de la Raisor qui
2177 1478 3204 1596 est a la verite particuliere ou determinee
2195 1545 3279 1667 mais des plus difficiles, vere que les pytha–
2204 1624 3273 1730 goriciens crogoitit de pouuvir par la distinguer
2204 1692 3273 1814 l'homme de la beste eftur donae la definitiono
2155 1759 3440 1903 d'un animal ca pableH de se f servir desnombres et
2159 1838 3261 1966 fare entrer dans sa definition la faculte
2175 1924 2788 2023 de se servir de pombres.
2242 1970 3236 2095 Nostre siecle a este fertil en Machines,
2183 2046 3206 2160 ou Instruments  composet de
2173 2115 3210 2223 Pieces dontlune donne le mouvement a l'autre
2179 2178 3190 2296 mais excepte la pendule je ne scaq si on en
2161 2245 3499 2361 trouneroit dignes d. estre miseer parallete avec nimpassint allu
2157 2310 3198 2425 cellecu, soit qu'on aut egard a la subtitite
2159 2376 3214 2494 de l'invention sort qu'o considere l'importa
2157 2451 3257 2559 de lusage ayant egard a l'importance
2163 2508 3200 2620 l'importance de l'usage, aussi bien
2165 2571 3202 2683 qu'a la subtilite de l'invention. Car de
2167 2636 3287 2752 deliurer l'esprit humam de toute la peine servile
2169 2720 3238 2822 du calcul par nombress jour la quelle les genies
2169 2783 3228 2891 es plus releves out de l'horreur+ ce n'est
2169 2846 3245 2966 pas un petit soulagement de la vie: puisque c'est
2167 2921 3245 3025 alArithinetique qui anime toutes les autres
2167 2984 3371 3111 parties des Mathematiques, et qui se repand leptus jusque
2165 3072 2686 3186 mene parmus le penple.
2682 2213 3377 2302 passent sprcassent on.
1451 1950 1698 2032 1900000
1592 1989 1662 2032 03
1489 2013 1711 2136 698g962
1277 2836 1626 2901 Fen cet exemple
1279 2918 1417 2989 si elle
1652 2909 1790 2976 longue
1244 2944 1888 3039 qui n est pastesse, grande pour
1322 3001 1929 3084 contenir unsi gran nombre
1830 2720 2090 2787 qvi est extericur
1694 2791 2120 2874 saire dans isoubstractius
327 3465 1045 3522 COFTFRIED NILHIEII LFIBNIIZ BIBLIOTHIEI
3680 3471 4086 3530 Signatur: LFI 42. 4. 1. 1651-.331
319 3526 1053 3587 NIEDERSRCNSISCHE LANDESBIBLIOTHER
3266 2125 4047 2217 de la quelle on peut dire qu'elle
3282 2207 3996 2280 in est pas utile, mais necessaire
3330 2677 3919 2760 icar je pe parte pas de la science
3350 2728 3591 2803 nomtres)
3280 2771 4110 2856 Tantant qucils trouuent de charmes dans
3328 2815 4151 2927 la science de nombus ma de l'hamonte:
4094 3161 4171 3259 33
