2388 4087
1576 136 2113 231 dela roue dents inegales
479 208 2306 317 lors que sa roue 2G est engagee duns les dlents gb qui nert pas
1874 181 2008 254 ontest
472 295 2328 413 dans ce dessein ny clans le modelle mais qui est asser connue. en deuxieme lieu
479 374 2315 490 le cylindre mobile, lmapus du dit arbre recoit un transport du cylindre de s
474 438 2360 592 bre precedent ou non. Setrunsport se recoit airsi le cylindre preceveno, part
2217 456 2272 517 por
483 535 2351 658 sur larbre, A1B, donne contre P'etoite 15. parle moven deune piece 1V
486 619 2356 744 par ce maxen l'arbre iCid tourre et avec luis laroue de 20 dents 15 la quelle fait
474 697 2351 828 aller le pignon 1X et son arbre 1 e.F. et les pieces . D et  altachees fermement
481 792 2358 910 au meme arbre 1E F. la piece. D vient la premiere et elle fait eloigner le collet
479 865 2351 987 2R de la roue unie immobile, H pourretirer la cheville L7 dles dents de la
488 949 2347 1073 roud. (10) et pour delivrer parta le cylindre mobile lmnopq. de son arere.
401 1039 2349 1160 2A 2B. a sin que par apres lapiece 1x survenant, et donnant contre la roue (10)
486 1130 2324 1239 fasse arancer le cylindre mabile d'une clixieme partie du bour, mermes sans
470 1212 2342 1323 son arbre, parce gutelle ne pourroit pas autrement faire aller ce cylinore
465 1289 2338 1400 si par hasard le dit arbre se trouuoit engage dans le grand mouvement
468 1382 2344 1494 tout celase sait en peu de timps a cause delapebibesse du pignon a proportion
472 1455 2347 1582 dle la roue 15. transport ettant fait, le collet revient de luy même et le Cylin
477 1546 2292 1671 dre reunit avec P'arbre de la maniere que pay expligue cy dessus. en
477 1625 2347 1768 troisieme lieu de cylindre mobile Imnopg. donne un tranc port ou cylindre
477 1718 2310 1825 nobile suivant ou non. il te lug donne, ele la même maniere qu'ile recoit
477 1786 2292 1904 c'est a dire le cylindre Imnopque.  achere son bour, la piece 2V
1345 1784 1449 1845 ayan
481 1864 2344 1991 nient rencontrer P'erboile 2 P et tourne par la, la roue 2 S et le jrignon
483 1934 2335 2061 2X et fait que la piece D elorgne le collet qui est cache derniere 2H de
483 2002 2344 2154 ce, et qu'imimediatement apres la piece Ey donnant contre la roue 2 (10)
477 2091 2353 2241 fait tourner le cylindre de Parbre 3A3B, anec legrand roulau porte chiffi
472 2186 2067 2315 atlache audit cylindre: d Tout de même comme aupraravant
92 2275 677 2390 Se cesdlifferents estat prariete
2101 2218 2324 2327 ses
565 2295 2319 2413 mcor occ peut faire plusicurs combinaisons, en lei joigena net  ce que je
477 2368 2317 2508 feray a fin quu'on puiste juger, que la chose reussira en tont eas: Carsi
497 2456 997 2577 le cylindre Imnop
1047 2490 2285 2595 recoit un transpore sans que son artre soit engage
499 2574 1095 2667 dans le grano mouvement
1640 2554 1858 2631 Ne puisse
540 2629 1136 2720 comme le transiport letuus conim
1201 2613 2315 2711 quis aurarien qui empecher dle tourner
493 2688 2308 2792 urec son arbie quoque alors la cheville LZ soalb retiree et ne soit pas
495 2770 2338 2904 engagee entre deux derits de laroue. (10). Cur le cylindre et l'arbre
490 2849 2340 2976 seront neantmoins unis parde moyen du peit ressort cacte dans le creux du
490 2929 2331 3072 grand rouleau pg. puisque rien ne resiste a leurunion. et il n'importe
493 3017 2331 3135 point s.' il donne encor au cylindre suiuant le meme tranport en même
488 3110 2333 3219 temps qu'il le recoit Mais si le cylindre imnopque recoit untrans port
493 3187 2303 3283 et que son arbre 2 A EB est engage dans s le grand mouuement
461 3287 2313 3387 le cylindre ne laissera pas defaire lechemin quil doit de la dixieme
506 3355 2263 3483 partie deson tour, parce qu'il est dlegage de son arbre la cheville LE
508 3448 2299 3557 setrovuant retiree et eloignee. et quoyque l'arore marche huy même
502 3517 2328 3623 cependant, cela ne sera point conte et ne diminuera pas la dirieme partie du
511 3592 2342 3701 tour que le cylindre doit faire sur larbre, a lause de la vistesse deze trans
81 710 470 783 3. il faut que ce soit uneroce
138 1039 440 1118 vis a ves de D
50 762 390 817 oucollet rond.  et un
102 792 393 846 ressoit commus celuus qu
109 815 452 874 dans temodelle ne suffiroit
127 853 290 912 as, parce quae
143 862 408 944 mome endroit des
131 926 374 996 rones 1H. et L1
140 971 390 1028 ne se ne rencon-
136 1008 395 1069 trera pas tousjon
177 3964 579 4012 SOTTFREOUUIHIEIMLEIBI MZ BIBVIOTEI
1792 3966 2178 4023 Sionatur: LH 42, 4. 1. 115I. 8
172 3993 558 4050 EnTOENS ICNISISCIIE LuIOESOBIOTI
2090 3693 2124 3796 b
