4895 4259
2999 85 4878 215 Claudus qui altero pede infirmus ac debilis est J. L. quasi pedibus clausus, id est impeditus, prohibis
2996 165 4864 272 M. qui rectâ incedendi facultate destituitur vel cujus pes unus veluterque id habent vitii, ut hon
2996 229 4641 335 vel versus unum vel versus utrumque latus inter incedendum se inclinare cogatur.
3001 352 4876 456 Clavus gubernaculum navis J. L. instrumentum ab anteriore parte acuminatum, et a posteriore
2996 421 4864 520 eaque crassiore parte tegumento quodam, quod caput vocant, instructum, adres arcte continendos sive con
2996 489 3870 605 nectendas vel aliquid in eo suspendendum.
3001 598 4854 726 Clavis qua ostia, arculae et id genus multa clauduntur et aperiuntur J. L ex Festo. instrumentum
2994 674 3571 783 ad seram aperiendam aptum.
2999 768 4868 889 Clementia in infligendis poenis modum adhibet L. P Clemens quis est animo, circa recte agentes. ejus est
3001 828 4859 955 nullos laedere. placidus est vultu, circa delinquentes. ejus est arridere omnibus. P. vel clementia est vir
2994 903 4203 1003 tus, qua parcimus iis, qui poenas non adeo graves promeruerunt.
3008 1015 4833 1112 Clivus est proclivitas illa et pronitas a vertice collis J. L jugum est ipsa arduitas montis, et proclivis ac
3003 1081 4833 1183 na supinitas: cui similis est in colle clivus, qui tamen mollis magis est et clemens J. L ex Valla. terra ultra
3006 1138 4123 1249 planitiem reliquam elevata, ea parte, qua altius assorgit.
3008 1261 4871 1381 Cloaca locus cavus, per quem colluvies quaedam fluit. J. L. Cloacae dicta, quodiis percolantur aqua
2999 1325 4170 1445 Isidorus cit. M. locus, ubi ventris excrementa deponuntur.
3003 1448 4350 1549 Clunis natium tumor M. pars corporis, cui hoc sedendo incumbit.
3003 1552 4857 1665 Cochleare instrumentum, quo sorbiles escas haurimus M. vel est instrumentum ab anteriore
3008 1618 4859 1755 parte concavum (instar cochleae) manubrioque instructum, quo utimur ad cibos cum liquore suo hauri
3010 1684 3446 1784 endos et assumendos.
3013 1767 4885 1911 Coena sumtio cibi vespertino tempore. vel sumtio cibi, ad quam hospites invitamus, sive quam alio
3003 1843 3569 1942 communem facimus (a xoros)
3008 1942 4887 2077 Cogitare est mente agitare, et veluti in mora esse consilii explicandi J. L. diu eandem rem agita
3003 2015 4885 2127 re, ita, ut mens plura in unum cogat ad rem rectè perpendendam. M vel imagines rerum quarun
3006 2077 4873 2176 dam sibi in intellectu efformare, aut efformatis perpendendo inhaerere. vel ex L. P. est inquirere veritatem
4511 2146 4878 2214 per discursum ex multis
3013 2174 4871 2299 Conere in unum colligere J. L. in unum agere M. coactio est, quando cause liberae agentes non per
3010 2238 4847 2363 mittuntur agere, ut volunt, sed alio trahuntur per causam potentiorem L. P vel est vi uti erga aliquem
3006 2295 3649 2406 ut, quod ipsi injungimus, faciat.
3003 2394 4887 2515 Collegium sorietas collegarum, vel congregatio et societas quorumcunquehominum J. L vel est societas al
3008 2470 4883 2571 quot hominum ad rem aliquam perpendendam vel ad aliquod honestum ac liberale opus peragendum conve
3003 2527 4135 2626 nientium, atque curas et operam communem conferentium.
3003 2624 4885 2728 Colare pauxillatim liquorem aliquem, stillatimque per alicquod vas vel linteolum exprimere J. L per co.
3006 2695 4878 2789 lum transmittere M. vel per linteum liquorem transmittere, ut feces aut animalcula forte illapsi
3003 2765 3330 2832 removeantur.
3008 2829 4876 2931 Colon est membrum sententiae quidem perfectioris, alteri tamen cohaerentis, notatum in Grammatio
3008 2898 4854 2990 per duo puncta. L. P est sententia longior et perfectior inciso, intra septendecim syllabas se conti.
3006 2952 4847 3049 nens. Kirchmannus. vel sunt duo puncta in oratione posita indicantes, protasin vel protaseos aut
3003 3002 4305 3132 apodo seos partem esse absolutam, aliamque periodi partem secuturam.
3008 3130 4854 3258 Colus instrumentum muliebre, quod pensa continet, a quo fuso fila ducuntus J. L. instrumentum
3001 3198 4845 3331 quo nent mulieres, rota foeminarum, vel instrumentum, unde nent M. inachina, in qua
3001 3262 3588 3362 fila trahuntur atque nentur.
2994 3364 4845 3501 Comis benignus homo et facilis, qui alii non gravate inservit. J. L qui moribus est compositus
2987 3445 4857 3584 moderatus M. quibenigne homines excipit atque iis quaevis officia praestat, mores suos ad aliorum mon
2991 3511 4440 3603 accommodat. qua dicta et mores ita gubernamus, ut neminem offendamus.
2994 3610 4866 3747 Comma est sententia brevior et imperfectior membro, intra septimam vel octavam syllabam se con
2999 3681 4859 3795 tinens. Kirchmannus. vel est indicium, sententiae saltem partem aliquam esse absolutam, ad eam
2999 3745 4866 3880 autem complendam alia adhuc sequi oportere vel est signum moralae cujusdatm inter legendum adhi
2995 3811 3938 3894 bende, periodum nondum absolutam esse indicans.
343 4031 1216 4095 SOTTFRIED UILHIEIM LEIBRIIZ BIBLIOTHIEK
4234 4043 4703 4107 Signatur:. LHI a. 7D. 2. 1271I. 17
333 4102 1221 4173 NIEDERSACNSISCHE LANDESBIBLIOTIIEK
4685 85 4756 150 if
