2243 3767
506 2582 754 94 est rectangulum BFC. nam cum sit

1068 1485 247 88 id est si

672 2917 109 61 idem

481 46 716 90 jam junctae AC, AC) e

1671 62 551 90 Centro A, radio AC

490 108 1698 111 describatur arcu  C E, ita ut E cadat in rectam AE (C), erunt ipsae EC

471 169 802 105 differcentiae inter AC et A(C), sive

494 261 123 80 Ergo

867 265 1352 92 Si goSi ergo liceret y sumere Arithimeticae pro

464 330 1728 111 grestionis hablumus quaesitum,  videtur tamen nihil refero essi

477 414 1740 105 x progessionis arithmelicae sumserimus. Sumtis enim X progressionis

460 481 1751 109 Aritrmeticae, sequitur ipsas AD  sive y, esse ipsas AC tive e recipt

469 554 1759 101 proprotionales esse. Quod si autem sunt semel, erunt sempe. summa

469 611 1763 111 autem infinitarum recipioce proportionalium habetur quacunque sint progres

467 669 1761 111 ne ex quibus recipioce proportionales sumuntur, neque enim hic rectangulorum

452 732 1767 100 ulla ratio habetur, ubi aequali altitudine opus est, sed smma linearum omniam

456 793 1768 102 scilicer EC) initur. sed jam video difficillatem ipsam omnium E summan

471 849 1704 115 sive omnes Ea sive ipsas AC) non hateri, nisi fiatur cujus progressionis

458 914 1745 124 sint ipsae y. Quod hoc loco ignoratur. Quoniam ipsas x necesse est esse

464 1004 970 103 progrestionis Aillmeticae non ipsas y.

458 1088 601 90 tione superiore faciamus

477 1151 163 100 fiet:

1294 1180 125 58 . et

1786 1002 446 77 Sin jam in aequa.

1474 1063 754 102 faciamus N. progressionis Ailhmeta

446 1241 1252 98 imo generaliter nentri assignardo progressionem, fer:

2138 1194 54 84 C

456 1314 1719 94 aonondum quiquam praestitimus, considerandum ergo ex dochina indivisi–

427 1368 1573 76 bilium esse producta DCS. dum ipsi AD occurrat in S esse

173 1416 1938 126 sumam omnessue tY ad tasi axinu s applicatas ad AB, aequalem summae omnium AS a

471 1508 272 69 catarum ad

446 1663 111 69 sive

473 1709 119 97 fict.

885 1485 139 78 AD.

1336 1563 81 60 Jui

1520 1483 203 76 vrcando

1231 1609 302 52 hypothesi quaestion

1922 1487 197 78 fer

1176 1609 1016 100 onendo jam y. progressionis  Arithmeticia

1294 1690 892 90 et pauto ante eadem facta supposition

1036 1785 371 67 Arichmeliae fuit

890 1862 199 92 et supa

1790 1757 168 76 fiet

1484 1831 708 109 erqus habemus denique aequationem

423 1935 1091 128 in qua solae supersunt X. ex V. extra vincula, nempe:

1803 1873 322 87 a-x  2V2

446 1998 1723 119 quae aequatio cum sit determinata locum dabit quaesitum. Et valde memorabilis

446 2063 1721 121 est haec methodus cum enim non sit hic in nostra potestate tet aequationes

458 2126 1707 119 habere quot incognitas poterimus tamen saepe plusculas obtinere aequationes, et

448 2178 1740 134 earum ope quosdam terminos elidere ut hocloco aX. quae sola nobis obstabat

443 2235 1737 136 singulae aequationes totam includebant quaestionis naturam, nec tamen ex s erii

441 2289 1730 146 poterat solutio, quod tredia facilia hactem desint conjunctioruarum aequationum rem

435 2339 1780 153 compendio dedit. Videor idem aliter obtineae potuisse per momenta. Ubi in mentem

439 2440 1240 121 venit consideratio nova non inelegans. In fig. 2. est

450 2492 1715 128 sit punctum G medium ipsius FC. patet momentum ipsius FC, esse rectangulum sub FC et 85,

456 2641 775 92 infinite parvum negligi potest, adeoque orit

1522 2551 643 100 c. posterius quippe prioris ratione

1746 2624 467 84 sive momentum omnium

450 2672 1380 109 FE aequabitur differntiarum FC, aequabitur ultimi termini momento; o

477 3082 145 73 ergo

890 2764 1195 73 .pono supra in aeq. O faciendo  anthmeticam, fret:

923 2812 117 92 fuit

988 2902 209 82 fiet crgo

1438 2829 206 75 sive e

1551 2929 511 65 .et erit

1164 2996 477 82 at jam invenimus esse

1045 3059 362 80 ut ante vel

1987 2846 103 58 at

1960 2980 117 102 fies

1725 3078 394 80 ubi patet res

479 3128 1648 86 notabilis in his aequationibus in quibus reperiuntur ( et d ubi jam una, v.u hic

471 3181 1723 92 X. pro nuthmetile procedente sumta est, non posse jajus inverti, nec dici nos habere

450 3245 494 84 valorem ipsius x, nempe

1306 3233 897 81 quia dyr non potest intelligi nisi deter

458 3287 1682 107 minata progressionis natura, ipsius V. ipsius y. autem progresso ut ds serviat

456 3342 1671 106 talis sumi potest, deber ut sint x progressionis Arithmetiaae, ergo ipsae a supponunt

443 3407 1726 100 ipsas X, non ergo per ipsas inveniotur X. Caeterum hac erte multa poterunt

460 3465 1741 103 praeclora raberi treoremata de curvis alias intractabilibus, jungendo scilicet

473 3538 609 103 plures e, ismodi aequationes

79 1075 260 90 Nota idem est

142 1136 67 79 X.

106 1190 69 71 et

217 1197 164 71 . id est

113 1245 320 73 differentia inter duas

224 1291 173 73 proximas.
