2411 3612
313 1757 1806 111 coincidat axi. Sive ut posito puncto cuae fili cuo rAC(C) respandentis in

949 152 1423 118 De Lecre planis quae siunt exi expansione dimensione curvarum

1086 214 1019 107 De.i figuris planis quae siunt ex figurs in superfic

1088 276 1056 97 cytinurim descriptis cylindrifermi descriptarum

1188 391 1026 80 peri curdam inamo plano positam ducta non

1427 439 32 50 ri

1196 443 1084 90 ad planum. Quae recta si inter describendum

1210 499 1050 86 varie crescere aut decrescere intelligatur; fiet

1200 549 1162 107 figura in superficie cyliudrif descripta, seu Superficies

1206 610 1152 102 cylindriformis truncatam. quam cin semper

1160 668 1032 106 plania aequales exhiberi potest, Hoc modo:

1168 726 1154 112 sitcurva quaecunque CfC.) sit axis ad quam per

1122 796 1184 100 ordinatus BC uiva C(C) atferatur cognita relatione

1106 854 1238 109 ipsarum AB. ad ipsas BC. sr punctum A transeat Axis

1082 919 1244 116 lonjugatus, et sumto in axe puncto D ducatur per ipsum axi

1076 993 1232 92 conjugato. AT parallela DB sumtis punctis sumta

1074 1045 1248 92 intelliguntur puncta 4. B. hoc modo ut juncta TCD sit

1080 1097 1280 102 tangens cumae in C. rpsa Quae jam ponatur ipsi BC ordinate

172 1113 2130 137 in directum, hanslata scilicet in BE. et ipsa AD, ipsi curvae in C. nconliter insistas

174 1193 2174 121 situ ad ejus planum normali, idque in quibuelibet punctis ((e) sumtis semper pro arbitrio punctis D(D

208 1256 2042 114 factum intelligatur translatis phid (D) (1) in (B) (E) et AD imponsis in Cui. Ex et

230 1308 581 94 semper  Erit spatium

821 1306 116 90 ciinun

965 1334 1385 110 EB(B) (E) E; superficiei cylindrifarmi ex omnibus AD cu

244 1384 1982 118 impositis factae aequale: Y Facto enim Trinngnto characteristico GIVL. erit

345 1440 845 99 D ad AD, ut GL ad GV. adeoque

1298 1472 173 95 vrsinatae

1483 1474 841 87 in GL. id est AD. imposita currae,

283 1502 2061 115 aequabitur B in GV, ed est BE applecatae pa Axem. Adeoque summa omnim

271 1561 2073 124 AD ad envam, aequabitum suumae oi seu superficies cylindriformis, aequabitur summ

22 1631 1351 120 Pmatum curoa ce e uletingere  su adrem seu spatio E B (3) (E) E

303 1699 2027 119 Jam superficis cylindrica ita explanetur, ut coincidat plano curvae, et ut, cura priio pun

315 1826 1959 106 extensione facti; in AA. punctum at terum (C) cadut in Nc Fveset ita suprficies

367 1940 440 86 Axis parte F(F)

1043 1884 117 54 planum

1043 1902 1273 104 linquanti )(21) H cumpeleatur rectangsulum. Expunctis

827 1964 1493 100 etCurvae H(H)  cujus non est nota nobis natura, et

293 2002 1947 111 duabus rectis, datis FH. (+) (1) quae ipsis AD, A (D) sunt aequales. Ex punctis

301 2062 2021 105 1. (H) ducantur ordinatae AN, (+) (s) in axem conjugatum AF N. Ex datis ergo AN

289 2113 2025 126 sive FH, sive AD, quaeruntur ips NF. et satet uti iis quae dixi, reliqua quaeruntur

299 2177 1955 106 Patet autem ex data spalii EB(B) (E) E dimensione etiam spatii H F (+) () H dari

293 2233 1979 116 dimensionem. quod si ergo constet a de natura auvae A(1I), Q et sit, ipsa una ex

297 2285 2029 127 iis quae quadrari possunt, (absolute vel Hyporhetice) id est in quibus ex data Rectam

275 2355 2039 105 abscissa ex ordinata datur area; tunc ex data spata EB() ) E. id est spatio CH F (C) (1) H

281 2428 1977 80 dabit, quonim jum datur abscissa ex axe conjugato ANp) AD. dabitur etiam recta AF

283 2482 2031 88 seu longitudo curvae C(C). Et vicissim ex data longitudine curae, C) et natura figurae HC

295 2544 1919 86 si modo quod ex Analyticarum quadrabitium ea numero est,  dabitur spatium EC

307 2608 1913 88 Hinc jam usum hunc duco;  quoniani ipsae AD, infinitis modis. Sic possum

297 2666 1929 85 assumi pro arbitrio, ut conset de natur a curvae AB), infinita etiam patia

2232 2566 72 100 181

311 2723 1925 102 EB(B) (E inter se diversa, eaque omnia mralytica obtineri posse, quorum quadratura

305 2777 1977 110 exse invice, ex solius curvae dimensione adeoque exse invicem depemeas. Adeoque hoc

1907 2837 50 46 lo

281 2845 1987 104 modo data qualibet curva infinitae habebuntur figurae ipsi symmetlae ac pro inde

297 2905 1941 107 et inter se. Sylloga voco, quarum ex o in uno noto aliud notum est.

283 2963 1981 119 Si Atq ita longe major aperitur inveniendi camgrus, quam si AD certo modo

309 3024 1951 106 atque ita smutit, ut fi omnia BE, omnibus BC sylloqa sint. Potest, ut

317 3080 1893 110 oltre obiter dicam ficri, ut  dluo quaedam inter se no int fyllogaque sint tamen

319 3134 1833 110 tertio; id est ut adalis itu opus sit, duobus opus sit ad certium ex ipsis habendum.

311 3196 1905 121 Posses Syndata appellare, quorum pluribus tis dati auto no daritur singula

710 3242 1566 101 Data autem intelligenda erunt non positione, se relattione sive descriptione

311 3302 367 51 datur reliquans

311 3294 1961 145 sed relatione sive ratns.  eta schesi pises e 6dyr cora optime appellare

877 88 1489 106 De excreme epatiarum in supert De expausione superficierum

2025 152 351 72 forgniun pro

2212 266 146 75 calcatu

2236 327 122 58 iffere

1180 331 1182 106 superficies cyliudriformis qu est quae sit recta tiam

152 88 265 106 14 Xl. 1675

485 80 352 76 Nihil hinc ductum

2073 3387 83 106 2
