2424 4045
485 802 218 114 basit 4

204 3658 61 195 es

685 3204 326 90 primities

681 3791 290 105 ususAluud

885 3851 70 115 ibid

1475 3687 56 113 x

1733 3211 666 108 non omnes quretendit primitior,

1711 3287 139 63 minivus

1978 3289 374 122 Ergo si e sit

1688 3388 387 97 primus utique

1823 3442 214 99 dividi per

2104 3438 275 76 sed sin non

1670 3539 727 94 primitiou, et per alique interi

1713 3755 81 60 ic

2068 3597 315 77 Et hoc pautet, sed

2075 3732 56 59 tiu

1594 3773 551 101 Opimis munatem cumbinalarius

1268 3831 342 99 5 sit plumtivus.

2221 3375 142 92 potest

1706 3489 648 97 sit primus. sed si e non sit

1758 3606 283 108 in trundi possu

1724 3660 189 54 ostendindum

1605 3658 524 124 pendendio pl esse e primit

1567 3734 123 102 a per

1052 3786 522 76 cheoreum, hic conquagendum

1027 3838 223 130 ut per 5 s

1603 3265 94 83 quo

800 3242 870 133 Thegremia ergati tuen sae

679 3285 166 119 ntorem

1493 3242 24 72 s

1432 3887 337 90 rerum, et numerus

2165 3647 229 78 dividi popere

2160 3779 162 59 reru

1915 3831 367 83 quia ondrus obimato

1945 3860 393 119 unuam sunt fini iner s

706 3103 688 130 sed mec regula est merio

292 3694 211 90 1 d non

582 3743 214 97 upl dividi per

1153 3640 261 56 dividi pena

1110 3683 155 72 it is divl

1295 3685 38 67 p

564 3696 160 63 dividi per

119 2 2289 148 avalliscis in dedicave .q Merbomis dialogum, ad grountsermm exemplum pohitu

110 67 2291 148 salis sumplex quo modo celiquando cel probema impossibie querenb, veniamue ad caleulum

166 188 240 113 possibilem

591 177 74 85 si

672 125 1729 144 supponatur, nquil nangulum cujus crura sint Be , D. CetCD BC, E et

730 256 25 69 e

883 204 340 108 et basit sd

1243 222 85 85 4

1331 182 1063 107 pefatur gutem si a vertice C demittatur

757 251 652 122 ad basm perpendicularis C e

746 350 153 99 talis

1427 244 958 117 ubi sit punctum A. Er Analysis

1711 469 114 79 ideoque

2273 400 124 96 Ade

1124 530 1246 119 proes ide ad est explicatis numeris

1245 586 1122 119 quod Et tamen casus est impossibilis

427 649 1787 166 quia tale crangulum duci non pt cum sit basis macedla

1733 680 643 146 Respondemum

751 755 742 119 major diuobus lateribus simul L

546 764 1848 186 posilo tale appotheficum esse quod invenitur, seu,  Barefuytale

496 842 1898 193 hirangulum poditurum hunc valbre. Iupossibilitas autem hic non

427 919 1945 155 axparet, quique fs non uvo totus siti non imtolvitur i calculo, sed

391 979 2010 164 si id feret, referendo ad rectam per secundum doctimam locorum appareiret

395 1110 365 134 impossibilitas.

168 1128 2224 215 rvallisius in libide Motu, momentum vocat quod motur efficiendo cnducis

366 1209 2026 173 in redimentu quod contia. id monentum refert Vim motricent temsu

2169 1269 86 59 aatu

195 1258 2193 216 resistentam, pocentna, ad impedimentum refert resistentiam et Conciludinems

206 1316 59 93 ed

263 1343 2143 167 fego putemglius ex nam quanto majus tempus eo a grinus momentum, qui major angiludo hoc mppus

236 1480 251 97 momentum

755 1406 1655 128 ub Gravitatis nore quamvis aliam vim confinupu i in quiidam comprehendit

272 1525 618 104 pandus est Gravilalis mensum

152 1573 709 103 est angulus quem directio moto

173 1629 614 108 houtonem declinas.

1023 1458 1286 119 Prrectro alia est mobilis alia vis mohrias obe

2340 1467 52 88 ita

1029 1505 1327 126 cum directionegragitatis enoventis inclinao est id

953 1609 220 60 idicean

1391 1566 1008 101 Effectus sunt causis sins adae quali proportional

224 1631 1221 157 Htan ap7 cagecap, 1. de Motu prop.

1688 1620 684 85 e causa C faliat effectum E

233 1671 2164 155 eua causa seunda e faciet secundum Effectum E; et etia tertium adeoq r6 facies 2E, et 3e facies

148 1728 2057 161 contranoruu aggreratum aequi pollet praepollentis excessui, longuentium aggegatum summor

177 1804 1176 157 urgeatur fil plaepollens, idem est si contraum minuatur

2264 1732 56 94 aeque

1430 1773 960 110 in cminuatur Requirollens aut contaruma

175 1842 2219 160 sit nunus pollens cppositum ex momento et impedinento habetur pro praepollente simomentur

175 1889 2224 176 praepolleat motum efficit si nullus fuent iachoal, si affuent, anget. Si praepottet impedimentum

202 2020 605 105 sollit austum vel minuib

242 2056 855 162 vis gnarta si equipolle sustinetit

274 2112 1232 191 Excerpantur ex ldalesio quo habet Alg. p

215 2218 945 157 fractionum in eibentum redeuntitem

1670 2083 722 148 deNumeris decimalibus

283 2292 1484 182 de hords Muscers Experm. Algeb. Evallis. C

292 2431 175 81 interre

152 2489 333 90 Medium uter

1412 2404 994 139 medium inter duos ptrimos terminus

229 2519 1913 164 al Quadratura Hyperbolae U vcllisim com. Eptico  Epust

2147 2485 227 112 6. Fate

236 2584 2165 175 a Broenkeri inventum, que alicui dixerat corcllisius Quadratum Hyperbolae samilem

332 2683 1505 146 sun Hturae sircnli moenisse in Comererveptico vallisis

233 2741 2105 164 invenius apud dn. Fermal q propositionem et a me olum

101 2813 2271 162 habet rotatam: potestates numeri 2 quam exponentes sunt numeri progressionis

1915 2869 133 63 primit

269 2907 2053 146 Gegnetricae ejusdem numeri 2 unitate auctae sunt nume nemne

1792 2957 587 110 mo pato jam nota

1735 3027 601 92 meam theorem

1924 3076 410 99 longe aliud

1544 3134 821 110 dennenos pntulitio, et sumina usis ombinationu tn li
