2391 3337
231 37 2009 157 Cncantum pavitabs caporum non marere semperidem, in regore, sed variari p si pro

233 198 188 124 dppapi

428 103 1807 145 quatione ad centrum terro ex eo demonstro( ponaiaus A et B connecti recta AB

421 216 1804 178 centro terra videtur egam conside quaritur a ita mapeant et quod

430 279 1825 175 collocent, et examinandom an mulioe  obtmeri possit major vicinia

235 318 2083 191 in sumum id est sumendi test punctum C. sabe, ut distantiis corpo in corporum quaevis puncta

946 411 816 115 quales. Ar hic centum ipsorum globum

1899 378 402 92 tiaro sussiciit

200 443 2096 181 excrminandu. Et non vrdetur, auu enim 1B, distailiae non sunt rectae parallecae–

810 535 685 104 ducto ad jusum punctum. NB)

267 602 923 152 Ap si gave quessens ab aliqui punctos

1042 684 44 48 on

1214 543 1061 146 sendatur, Gravtabit superlineam rectam

2166 606 50 72 Eo

1255 624 781 108 aliogui give utiue non oesceret.

324 671 1907 189 Axjom 2. In vecte poculuri cucus dimidium su punctum suspensionis si ex utraque

330 697 753 111 punctum suspensionist rent rerniuscentim

1150 689 159 61 eluqur e

354 745 1452 176 in punctis aequalium sectionum d et E gravia aqualia colocentur

1879 728 345 96 corpus quescet

680 765 1594 184 vero punctum suppensionus inaequaliter vectem dividat non manebrt

252 875 1272 168 in equilibrio, sed inclivabitur ex pante maxris portiori es

1626 834 707 104 Hnc ad modum Arcrimedem

211 897 2102 191 demonstratur (desporentu corpora in vecte aequaliter difeributado ) nnnente esse aequi.

973 962 1239 146 DE ad EG, ut G ad d. Hinc sequitur corpora

675 1008 1643 172 centro terra aequaliter ponderare si anguli cu radiorum alexm

537 1067 1724 195 ad centum terre ductorum faciant cun radio ex puncto suspeisionis ad

230 1106 415 73 libim sitot

289 1208 230 82 rcnts eorum

1268 1138 961 128 l recipiore propoitionale seu

973 1203 1286 152 Gsint in recle DG, situs punctum suspensionis F, etanque GNF

153 1205 1061 166 centrum sercae ducte radios angulos corpor

649 1286 1092 173 id Geunt in oqu ilibrae. Hc cull uod

174 1305 712 141 corpora duo faspensa sinb ex

178 1405 302 92 ad angi. DNE

176 1447 530 108 un ipsum centrum graviam

921 1305 52 59 et

740 1418 222 87 N lac

1786 1279 22 100 s

1849 1247 419 104 punctu F carat

979 1312 1348 169 eGcadet tunc varescent anguli  hic fermatius

1094 1392 1224 137 primcirgo prore surpone FN esse infinite paroui

192 1459 2061 185 tunc invero difficullater deberet luam deberet propite vera gegula in easi

306 1471 753 128 pecaliari rave traptat. Ergo vero ex

181 1579 1048 128 nostro nempe debere esse FG (seu NE,) et

1296 1523 979 121 reciore proportionalia pisit ut D ad G

196 1596 2102 161 cum tamen hacis suerendo angulos recipiore proportionales fiant aequales partes. unde

183 1642 2152 189 Collrgo pro certo optorem utieubi subesse in agnmento Fermalii seu esse. Ego ( igitur

335 1703 1965 176 ratio cinor. ponamus fieri motum in altentiam partem, et G descendere debet plus

460 1763 1821 185 ommibus compensatis plus esse descensus quu ascensus, quod si 17 aequalis

454 1842 1692 158 nulla erat had et ola erant in aequilibrio. Sit igntur a D

422 1939 880 122 punm et fit= 4 _ il momentas

383 2022 494 106 sed mnentum quagitus

1444 1896 780 104 d Vistantiaa centr ducta in d

953 1946 1337 143 Aactio raterae, nd, et similiber quantila distro ipsius

376 2063 933 130 s ne quaeratur differentia iater

1396 2026 785 100 poratur feri descensus

656 2065 1612 148 et scensus ex D in Cd) ajo sut sit aquiliberum debere tate

202 2128 2036 174 pimi punctam F, ut, sint. sallem in initio seu infi aite perrois ipsa differ

341 2174 187 72 ex G

200 2207 1977 140 appbriaquationes seu d ifferantiae inter NG et N,G) item adH et N ipsis

254 2272 1439 141 corporibus recipiore proportibinales. Investigentur calculo

634 161 1604 148 c centrum grav. si jum collocientur in centro terra sic ut C coincidat

241 461 690 109 dietis sint summus utrobius ae

230 598 408 93 ab aliquo axo

319 906 200 83 exom.

187 1160 337 74 erpardistemtia

98 3088 234 85 seu DB et Et

237 3142 83 174 E

498 2417 28 56 p

452 2484 89 79 et

404 2562 120 70 eiit

365 2643 89 72 et

345 2701 94 81 et

363 2780 33 73 et

882 2376 21 98 a

944 2380 27 85 t

1398 2291 866 154 abstrahamus nunc ab aequalitate

669 2400 1362 134 data x et fud FB data f et R D _d, et R

1292 2595 158 65 et

346 2814 1347 131 parva autem suffieret ad quaeri differentialem ipsius

358 2962 239 83 s similiter

708 3012 213 87 de in pund

350 3064 748 113 g sint sinus versi esmudem angulirum

356 3186 252 130 ol rltica

921 3120 106 76 iFG

1226 2873 348 106 ergo diff ND

1892 2465 339 110 et fet

1945 2717 351 91 Ob infinile

1953 2799 246 106 quoe est

1411 2888 887 113 ubi patet, debent autem esse

1213 3003 220 65 in pondus

1200 3116 115 52 Ca

1521 2955 610 92 ergo  et cum

1480 3018 450 92 eit ut radus, seu ut

1960 3007 100 74 d ad

2183 2932 178 93 et

1828 3023 364 130 Ergo spet tam

1432 3110 925 182 rina te a situt u rennatus en jio icm i ips

46 2788 193 66 Frius Revrcma

280 2767 50 62 bribus

152 2814 167 61 in composit

48 2866 259 44 ratione ex Directa

59 2888 258 65 distantiarum a cent

57 2929 265 52 gravium, et recipate

59 2968 156 51 distantiar

72 2995 17 49 a

109 3045 135 67 hyndoment
