2390 3346
690 442 202 91 post

515 626 303 110 (4) et

918 2909 1211 122 4Age CGC XB,  8BL. NG. h, et K) est autem

639 1 99 73 uucta

691 26 1667 92 Gravia A et B annexa extremis rectae rgidae pondere carentis AA

697 89 1635 96 tendunt ad punctum   quaeritur punctum puspensionis C, ut sint in aequilibrio

712 152 1603 98 ex puncto communi  ex centrog Ex puncto ad quod tendunt Hagatur

701 232 963 89 perpendi cularis in vectem NB, nempe d

1832 211 479 88 G voceturg ec

864 286 1490 93 hoc vocetur h, jam AG sit _ et BG sit _F et HG sit h

693 356 804 82 et GC sit c, fet HA

1822 358 125 84 e

1432 421 917 86 t ex puncts (A) et (B) demittant

693 475 1607 110 in bectem priorem normales E, et (B)F. compleantur

533 540 1823 116 eliam rectangula AEG15) et (B) FG(6). Jam HA vel H(A) vocemus

877 633 138 86 3 uet

1147 700 45 15 s

1368 639 222 63 et

1757 617 540 94 CA vel GE vocemus e

554 695 1769 115 et It G vel 4(6) h. similiter HB vel A (B) sit Y et HGvetA

993 778 1361 95 v, et H GB vel GF sit _ f. et HG vel H(G) sit F

1266 873 58 63 et

2215 856 165 77 sed d

260 912 2074 114 seu AE est incomparabilis ipsi dh, sinus versus recto inum anguli incomparabilas ad rectum.

401 1000 203 85 Ergo fiet

394 1085 197 74 du

236 1148 878 103 seu BF incomparabilis ipsi (B) F fiet

1279 990 329 86 similiter fiet

2073 985 240 109 seu fet

1456 1067 880 96 ubi cum eodem modo elidatur df

303 1219 1173 100 et pondus in B sit m, debet esse rec

368 1416 102 132 siet

1378 1286 275 91 Est autem

1794 1135 529 103 jam pondus in A sit I

1843 1210 502 96 rausus seu fiet

511 1347 1618 121 D dM ad F dH ut seu (AE ad (B) F, ut C(A) ad C(B) seu ut

1060 1440 509 91 Cadeoque tandem fet lh

2218 1351 58 71 ad

288 1507 1938 97 seuut fiat aequilibrium erit l pondus in A, ad m pondus in B, at

288 1600 666 82 in ratione directa seu

280 1667 105 110 seu

1223 1593 447 109 Sposilo aequilibuto-

1177 1652 1028 102 seu pondus in A est ad pondus in B, in

284 1712 2057 133 ratione di composita ex directa distantiarum a centro gravium  ( seu HA ad HA

312 1777 2029 137 et composita reciproca distantiarum a centro aequilibrii C, (seu CB ad CA). jam

135 1847 2182 127 corpore A ex C ducantur CN et Cp perpendiculares ad linets directionum HA et HP. ite

459 1940 515 91 ad easdem normules G

146 2085 423 73 haca dive similiter

334 2200 279 93 Ergo e

842 2016 151 60 Ergo

1076 1931 391 85 R. pumum e

2006 1897 294 75 et ru et

1487 1953 808 117 quod et initio palebat. Et

1804 2015 433 96 Ergo tandem

1856 2096 93 84 seu

1168 2148 1168 117 seu ponera in casu aequilibrii sunt reciproce

336 2223 1992 122 ut perpendiculares ex centro aequiliorii ad lineas directionum. Nimirum ut obiter

305 2282 2032 114 dicam cii in triangulo ex puncto pasin dividente ductae ad latera normales sunt in ratione

327 2342 2029 111 composita directa segmentorum, et reciproca laterum. Plallum corpus praeter sphaeram, in quo grave

301 2392 2012 108 extra centrum terro suspensum servet egm quavi in principio habuit pbsitionem ito fermatur

323 2450 2039 98 Eodem judicante errat lebalius putens librae lirachia, etsi non sint parat hca honqual, aequili

316 2496 2033 108 brium tamen serrure. Ex sententia Termatis quo monius corpus p aiccedit ad centrmm ferrlae, hoc

351 2546 1986 110 facilius collitur. posito cilicet (. Hoc etiu ex meis sequitur posita scit eadem ratiore tracriorum

379 2593 1951 124 librae, et distantia unius ponderis a cintro, ed ta facilitates lino attollitur alterum sunt ut

325 2635 2022 134 ut viciniae ejus respecto centri seu distantiis. recippole proportionales, rsstntiae vires extm pondeum

671 2680 1637 115 1 Uut rem gerveraliter quaeramus setum cum puncta non comcurrunt. nags direcctiones

371 2710 1978 139 ut sitrahant quaaevis potentiae exempli gratia chordas vel funas axabus tiavolal H etX ciicumgoluli crahant Aot

528 2766 80 44 ne

379 2756 1864 149 ubi sciendum a dias directiones quatuor AH, (A) (), BX et (B)() non coincidere in idem punctu

394 2819 1451 132 pitur ex punctos concrsus ipsorum tactumm corcuti, quem vocemusH qui

409 2888 1106 104 intervallo distans ducatur perpendicularis HG, et similiter x

325 2966 430 71 jum ul ant sit HA, , a

1651 2881 52 44 mut

1878 2792 461 68 infinile purvo mvice

1869 2834 459 82 ota H, itx manebunt fixa

424 3072 452 56 num unt seu seca ad _B H

1117 3087 263 61 Et eodem modo

1450 3009 886 91 jam ob tiangula ductis (N et CP normalibus in HA et X

297 3111 1536 95 sunt in comporit ratione ipprum ponderum et nermalium. in lineas directiones. Eadem demiostratio

271 3178 562 89 puncta fixa, sed ipsa durane oto n

2025 2884 173 60 CArt

306 2976 1663 141 2t Cu (Ah) ad Ex (seu ( 8) F) ut CA d CB. sem ut jum viers st fincta et n in do. Ergo Byda ada

258 3082 136 68 vire pors

358 3124 15 45 n

956 3165 100 49 llam

1069 3160 309 50 im moniem punctu

915 3187 266 86 uto. sed hicu noc

1275 3187 121 84 rocu

1474 3147 304 48 A. doaeru directiomn

1491 3184 21 82 u

1649 3180 69 28 ane

2099 3044 251 64 seu bives pondere

1971 3102 154 78 etadem eri

1878 3161 138 51 ereat

1506 3163 662 108 ndum punctor directione parallela

2241 3080 69 48 seu

2198 3111 143 50 tiocinam

2192 3148 149 53 menda

2272 3184 32 74 is

92 639 378 80 mua et rolabils

102 708 100 69 rabu

228 700 233 75 rem ad mea

107 749 153 68 methodu

106 803 117 55 revoca

280 732 199 80 tangentium

85 786 848 106 eidem quantitas simuliter HB vel H(B).

91 862 187 61 hic divirsam

74 879 664 87 ericumm fiet aae

139 959 67 89 nin

55 1628 97 78 Calc

117 1871 176 64 dato penct

148 1955 134 45 ad canter

156 1985 149 46 terra ten

158 2015 148 44 dente, qu

165 2042 127 43 ritua

165 2070 82 64 quaese

161 2137 106 50 tionis

107 2158 181 61 BC seu ato

72 2199 242 63 punctu susten

65 2241 195 45 rationis C

46 2273 46 45 virs

117 2269 145 47 si ponau

40 2282 253 76 triangulum scalen

42 2334 244 65 ut lujslatera 3.4. 3
