<?xml version="1.0" encoding="UTF-8"?>
<alto xmlns:xsi="http://www.w3.org/2001/XMLSchema-instance"
      xmlns="http://www.loc.gov/standards/alto/ns-v4#"
      xsi:schemaLocation="http://www.loc.gov/standards/alto/ns-v4# http://www.loc.gov/standards/alto/v4/alto-4-2.xsd">
  <Description>
    <MeasurementUnit>pixel</MeasurementUnit>
    <sourceImageInformation>
      <fileName>img_LH_35_14_2_22r.jpg</fileName>
      
    </sourceImageInformation>
  </Description>
  
  <Tags>
    <OtherTag ID="BT16575" LABEL="MarginTextZone" DESCRIPTION="block type MarginTextZone"/><OtherTag ID="BT16576" LABEL="DamageZone" DESCRIPTION="block type DamageZone"/><OtherTag ID="BT16577" LABEL="DigitizationArtefactZone" DESCRIPTION="block type DigitizationArtefactZone"/><OtherTag ID="BT16578" LABEL="DropCapitalZone" DESCRIPTION="block type DropCapitalZone"/><OtherTag ID="BT16579" LABEL="GraphicZone" DESCRIPTION="block type GraphicZone"/><OtherTag ID="BT16581" LABEL="NumberingZone" DESCRIPTION="block type NumberingZone"/><OtherTag ID="BT16582" LABEL="QuireMarksZone" DESCRIPTION="block type QuireMarksZone"/><OtherTag ID="BT16583" LABEL="RunningTitleZone" DESCRIPTION="block type RunningTitleZone"/><OtherTag ID="BT16584" LABEL="SealZone" DESCRIPTION="block type SealZone"/><OtherTag ID="BT16585" LABEL="StampZone" DESCRIPTION="block type StampZone"/><OtherTag ID="BT27334" LABEL="text" DESCRIPTION="block type text"/><OtherTag ID="BT27336" LABEL="GraphicZone-figure" DESCRIPTION="block type GraphicZone-figure"/><OtherTag ID="BT27337" LABEL="GraphicZone-formula-inline" DESCRIPTION="block type GraphicZone-formula-inline"/><OtherTag ID="BT27338" LABEL="GraphicZone-formula-strikethrough" DESCRIPTION="block type GraphicZone-formula-strikethrough"/><OtherTag ID="BT27339" LABEL="MainZone" DESCRIPTION="block type MainZone"/><OtherTag ID="BT27340" LABEL="GraphicZone-formula-complex" DESCRIPTION="block type GraphicZone-formula-complex"/>
    <OtherTag ID="LT6926" LABEL="DefaultLine" DESCRIPTION="line type DefaultLine"/><OtherTag ID="LT6927" LABEL="HeadingLine" DESCRIPTION="line type HeadingLine"/><OtherTag ID="LT6928" LABEL="InterlinearLine" DESCRIPTION="line type InterlinearLine"/><OtherTag ID="LT11330" LABEL="default" DESCRIPTION="line type default"/>
  </Tags>
  
  <Layout>
    <Page WIDTH="2390"
          HEIGHT="3346"
          PHYSICAL_IMG_NR="52"
          ID="eSc_dummypage_">
      <PrintSpace HPOS="0"
                  VPOS="0"
                  WIDTH="2390"
                  HEIGHT="3346">
        
        <TextBlock HPOS="23"
                   VPOS="24"
                   WIDTH="2350"
                   HEIGHT="3275"
                   ID="r4"
                   TAGREFS="BT27339">
          <Shape><Polygon POINTS="348 24 23 249 31 1120 23 1853 36 2916 51 3235 504 3269 1456 3299 1852 3279 1887 3174 1961 2945 2022 2842 2111 2593 2057 2434 1979 2408 1993 2011 1895 1988 1870 1727 1972 1712 2075 1726 2144 1638 2351 1681 2365 1610 2311 1287 2186 1007 2265 270 2373 203 2336 70 1519 45 806 24"/></Shape>
          
          
          <TextLine ID="89c9fcc3-a3e3-4b4c-a4ff-fcc2de3c6578"
                    TAGREFS="LT11330"
                    BASELINE="357 122 1339 117 1841 126 2194 115" 
                    HPOS="355"
                    VPOS="48"
                    WIDTH="1839"
                    HEIGHT="115">
            <Shape><Polygon POINTS="2122 57 2103 57 2084 57 2066 57 2047 57 2029 57 2010 55 1991 55 1973 55 1954 55 1936 55 1917 55 1898 55 1880 55 1861 55 1843 55 1824 55 1805 55 1787 53 1768 53 1750 53 1731 53 1712 53 1694 53 1675 53 1657 53 1646 53 1629 63 1564 53 1562 53 1560 53 1534 65 1519 72 1181 72 1155 65 1134 59 1132 59 1130 59 1128 59 1112 65 1089 74 952 74 935 65 898 48 894 48 883 48 836 65 810 74 770 65 755 63 753 63 725 65 649 74 617 65 557 48 556 48 424 48 422 48 420 48 355 65 357 122 357 163 425 161 427 161 429 161 457 143 567 128 712 128 766 144 768 144 770 144 771 144 827 130 883 143 885 143 887 143 928 126 1024 141 1026 141 1028 141 1060 131 1212 141 1214 141 1288 126 1320 139 1322 139 1324 139 1679 139 1731 148 1733 148 1735 148 1772 131 1872 158 1874 158 1876 158 1878 158 1964 135 2021 156 2023 156 2025 158 2192 158 2194 115 2190 65 2129 57 2122 57"/></Shape>
	    <String CONTENT="Altera schede mectum, ex cerplorum ex posthumis"
                    HPOS="355"
                    VPOS="48"
                    WIDTH="1839"
                    HEIGHT="115"
                    WC="0.9708890610552848"></String>
          </TextLine>

          
          
          <TextLine ID="7aa9ce7a-309c-451c-8967-40b48918e72d"
                    TAGREFS="LT11330"
                    BASELINE="193 223 481 213 1208 217 1571 234 2029 237" 
                    HPOS="191"
                    VPOS="139"
                    WIDTH="1838"
                    HEIGHT="124">
            <Shape><Polygon POINTS="193 223 191 224 292 245 293 245 385 228 401 226 617 226 673 234 829 254 831 256 889 256 889 254 890 254 931 237 950 230 1052 239 1080 241 1082 241 1084 241 1088 239 1106 230 1145 239 1147 239 1149 239 1285 234 1402 245 1447 249 1448 249 1450 249 1456 247 1471 239 1502 247 1530 252 1532 252 1534 252 1545 247 1562 239 1579 249 1606 262 1608 262 1610 262 1692 250 1703 249 1718 250 1802 263 1804 263 2027 254 2029 237 2027 187 1694 185 1686 180 1651 158 1649 158 1647 158 1646 158 1644 158 1593 178 1586 182 1577 178 1526 152 1525 152 1523 152 1521 152 1460 176 1456 176 1452 176 1341 146 1339 146 1155 146 1153 146 1065 169 1022 180 974 180 952 165 931 152 929 152 928 152 926 152 924 152 881 163 825 144 823 144 822 144 820 144 788 154 734 143 732 143 730 143 703 154 615 144 613 144 611 144 576 159 537 176 502 176 453 156 409 139 407 139 345 139 344 139 342 139 312 154 277 171 193 152 193 223"/></Shape>
	    <String CONTENT="porismatum Eucldaeorum Renovata doctina sub forma sagoges"
                    HPOS="191"
                    VPOS="139"
                    WIDTH="1838"
                    HEIGHT="124"
                    WC="0.9628365186222813"></String>
          </TextLine>

          
          
          <TextLine ID="8313dfb3-fcde-452a-be46-3c94c9fd3c2f"
                    TAGREFS="LT11330"
                    BASELINE="61 314 464 297 2150 306" 
                    HPOS="61"
                    VPOS="236"
                    WIDTH="2089"
                    HEIGHT="102">
            <Shape><Polygon POINTS="61 314 61 334 232 334 232 332 234 332 265 316 284 325 286 325 288 325 552 316 582 330 589 334 591 334 593 336 704 336 704 334 706 334 716 330 743 316 777 316 855 329 898 336 900 338 978 338 978 336 980 336 995 329 1017 317 1287 317 1324 327 1355 334 1357 334 1359 334 1398 327 1407 325 1422 327 1510 336 1512 336 1513 336 1541 325 1558 319 1597 325 1625 329 1627 329 1651 325 1683 319 1882 323 1898 323 1928 338 1930 338 1932 338 2148 321 2150 306 2146 267 2071 267 2062 265 1975 249 1973 249 1971 249 1938 265 1930 271 1820 271 1807 265 1746 245 1744 245 1742 245 1740 245 1694 263 1638 241 1636 241 1634 241 1633 241 1567 265 1554 269 1426 269 1419 265 1383 250 1381 250 1380 250 1378 250 1348 260 1190 250 1188 250 1186 250 1140 265 1132 265 998 267 980 263 842 237 451 237 450 237 448 237 358 263 351 265 344 263 269 236 267 236 265 236 154 262 96 252 94 252 92 252 61 262 61 314"/></Shape>
	    <String CONTENT="pori sinata nihil aliud esse videntur quam prcanones, seu problemata cum solutione"
                    HPOS="61"
                    VPOS="236"
                    WIDTH="2089"
                    HEIGHT="102"
                    WC="0.9644799639539021"></String>
          </TextLine>

          
          
          <TextLine ID="2ff7a9a5-7ae7-4864-b0f1-b098215e7c64"
                    TAGREFS="LT11330"
                    BASELINE="2166 165 2274 180" 
                    HPOS="2163"
                    VPOS="61"
                    WIDTH="122"
                    HEIGHT="147">
            <Shape><Polygon POINTS="2282 65 2179 61 2166 165 2163 185 2267 208 2274 180 2285 66 2282 65"/></Shape>
	    <String CONTENT="ana"
                    HPOS="2163"
                    VPOS="61"
                    WIDTH="122"
                    HEIGHT="147"
                    WC="0.7521312137444814"></String>
          </TextLine>

          
          
          <TextLine ID="29dd6658-22d6-40ec-bec1-73f76a9f2d28"
                    TAGREFS="LT11330"
                    BASELINE="74 377 682 362 2183 375" 
                    HPOS="74"
                    VPOS="316"
                    WIDTH="2109"
                    HEIGHT="89">
            <Shape><Polygon POINTS="74 377 74 397 290 397 290 395 292 395 314 384 342 394 344 394 345 394 470 379 511 397 513 397 515 397 518 397 783 381 825 399 827 399 829 399 831 401 933 401 933 399 935 399 982 381 1095 381 1115 390 1117 390 1119 390 1253 381 1389 381 1447 399 1448 399 1450 399 1452 399 1504 384 1530 395 1532 395 1534 395 1627 382 1655 395 1657 395 1659 395 1660 395 1694 384 1819 395 1820 395 2053 386 2086 403 2088 403 2090 405 2181 405 2183 375 2179 338 2103 338 2096 336 2049 323 2047 323 2045 323 1941 336 1915 338 1636 338 1629 334 1595 321 1593 321 1428 321 1426 321 1424 321 1387 332 1370 336 1298 332 1168 323 1166 323 974 330 835 334 814 329 775 317 773 317 721 317 719 317 717 317 697 329 688 334 598 334 585 327 572 321 570 321 569 321 567 321 548 327 531 332 520 327 502 317 500 317 414 317 412 317 411 317 386 327 371 330 355 325 321 316 319 316 243 316 241 316 239 316 217 325 206 329 184 325 133 316 132 316 74 323 74 377"/></Shape>
	    <String CONTENT="sua Theorematue exposita. Quisumnit pappus ex seu tentia uniorum Geometragus"
                    HPOS="74"
                    VPOS="316"
                    WIDTH="2109"
                    HEIGHT="89"
                    WC="0.9704347229317615"></String>
          </TextLine>

          
          
          <TextLine ID="6d6a6af4-ceb5-493a-ae3b-4db4399db71a"
                    TAGREFS="LT11330"
                    BASELINE="76 455 574 429 2083 429" 
                    HPOS="74"
                    VPOS="371"
                    WIDTH="2009"
                    HEIGHT="97">
            <Shape><Polygon POINTS="2027 375 2008 375 2006 375 1982 382 1956 390 1928 382 1889 373 1878 373 1871 373 1837 384 1828 386 1820 384 1778 373 1766 373 1757 371 1633 384 1566 373 1564 373 1489 388 1454 395 1050 395 1039 392 993 375 991 375 989 375 987 375 950 394 948 394 853 395 849 394 814 375 812 375 810 375 809 375 740 394 704 379 703 379 628 377 626 377 544 397 541 397 539 397 492 379 491 379 435 377 433 377 299 379 297 379 275 390 239 379 238 379 236 379 145 399 89 390 87 390 85 390 83 390 74 395 76 455 76 468 251 466 252 466 278 457 420 466 433 466 435 466 442 466 543 447 799 446 889 446 957 462 965 462 967 462 969 462 974 461 1030 446 1128 461 1149 462 1151 462 1166 461 1242 444 1357 444 1389 459 1394 461 1396 461 1398 461 1553 459 1554 459 1560 457 1595 442 1699 442 1724 453 1726 453 1727 453 1729 453 1763 444 1861 453 1895 457 1897 459 1977 459 1977 457 1978 457 1988 453 2008 444 2079 451 2083 429 2081 382 2029 375 2027 375"/></Shape>
	    <String CONTENT="Hypothesi deficere a teoremate locali. id sane totam ps (inquit permalius"
                    HPOS="74"
                    VPOS="371"
                    WIDTH="2009"
                    HEIGHT="97"
                    WC="0.9614961829087506"></String>
          </TextLine>

          
          
          <TextLine ID="e500f838-f2be-4647-861c-e62457d534b0"
                    TAGREFS="LT11330"
                    BASELINE="85 514 602 487 1746 488 2172 501" 
                    HPOS="83"
                    VPOS="434"
                    WIDTH="2089"
                    HEIGHT="101">
            <Shape><Polygon POINTS="85 514 85 535 236 533 238 533 267 522 347 533 349 533 351 533 355 533 461 516 548 531 561 533 563 533 589 531 690 522 734 529 745 531 747 531 749 531 753 529 796 507 874 518 876 518 877 518 907 505 1212 505 1318 526 1327 526 1329 526 1331 526 1335 524 1378 513 1434 524 1463 529 1465 529 1541 527 1543 527 1560 522 1621 503 1900 503 1951 520 1954 520 1956 520 1958 520 1960 520 1964 518 1997 507 2168 516 2172 501 2168 451 2077 453 2071 451 2040 434 2038 434 2036 434 1995 436 1993 436 1962 451 1951 459 1705 459 1692 453 1633 436 1631 436 1629 436 1627 436 1593 455 1586 459 1530 459 1461 455 1350 449 1348 449 1177 457 1171 457 1104 438 1102 438 1101 438 1009 440 1008 440 982 451 600 440 598 440 597 440 539 455 461 447 459 447 457 447 422 462 412 462 225 455 223 455 83 464 85 514"/></Shape>
	    <String CONTENT="perismatis naturam specifice revelat, neque alio fere auxitio quam eo quod haec"
                    HPOS="83"
                    VPOS="434"
                    WIDTH="2089"
                    HEIGHT="101"
                    WC="0.9783528824395771"></String>
          </TextLine>

          
          
          <TextLine ID="09f38ea4-a89f-4d8e-9b6b-7a0d7fd48922"
                    TAGREFS="LT11330"
                    BASELINE="72 579 758 552 1411 544 2055 552" 
                    HPOS="70"
                    VPOS="490"
                    WIDTH="1985"
                    HEIGHT="106">
            <Shape><Polygon POINTS="2023 498 2004 498 1988 496 1958 505 1958 507 1954 507 1854 507 1802 490 1800 490 1785 490 1759 500 1619 490 1618 490 1616 490 1545 511 831 501 829 501 775 503 773 503 736 522 697 509 695 509 693 509 691 509 652 524 650 526 606 526 572 526 517 507 515 507 450 507 448 507 446 507 377 527 375 529 310 529 306 529 256 511 254 511 252 511 251 511 215 529 213 531 70 531 72 579 72 596 303 594 416 576 437 585 438 585 440 585 530 574 693 579 695 579 697 579 716 570 889 578 890 578 995 566 1048 583 1052 583 1054 583 1056 583 1058 583 1060 583 1099 565 1398 566 1415 576 1419 578 1420 578 1422 578 1484 576 1727 563 1748 570 1752 572 1753 572 1755 572 2053 565 2055 552 2053 503 2034 498 2023 498"/></Shape>
	    <String CONTENT="verba sub ministrant, hujusce abdita materia penetravimus f ad sic intellio"
                    HPOS="70"
                    VPOS="490"
                    WIDTH="1985"
                    HEIGHT="106"
                    WC="0.9433802572886149"></String>
          </TextLine>

          
          
          <TextLine ID="2999459a-e89d-43d3-af91-9dad8d6c219d"
                    TAGREFS="LT11330"
                    BASELINE="79 637 1367 598 2112 602" 
                    HPOS="78"
                    VPOS="553"
                    WIDTH="2034"
                    HEIGHT="105">
            <Shape><Polygon POINTS="79 637 79 658 225 658 225 656 226 656 232 654 264 641 306 646 308 646 377 635 463 648 476 650 478 650 570 648 572 648 574 648 576 646 602 632 872 641 900 641 902 641 903 641 907 641 967 624 1359 624 1359 622 1361 622 1385 613 1407 622 1409 622 1411 622 1473 611 1502 622 1504 622 1506 622 1556 613 1686 617 1688 617 1690 617 1709 607 1778 619 1779 619 1781 619 1815 605 1858 619 1859 619 1861 619 2112 615 2112 602 2111 559 1908 553 1906 553 1778 565 1776 565 1670 555 1668 555 1608 568 1543 553 1541 553 1434 572 1400 555 1398 555 1396 555 1292 557 1182 572 1143 561 1141 561 1140 561 1138 561 1082 578 1032 568 1030 568 1028 568 993 581 950 570 948 570 946 570 887 581 861 568 859 568 857 568 424 576 336 596 336 598 331 598 269 598 221 581 219 581 217 581 215 581 159 600 78 602 79 637"/></Shape>
	    <String CONTENT="cum locum investigamus lineam inquirimus sed cum ex supposito loco alium eoerem"
                    HPOS="78"
                    VPOS="553"
                    WIDTH="2034"
                    HEIGHT="105"
                    WC="0.9924350765687001"></String>
          </TextLine>

          
          
          <TextLine ID="aa96bfc8-7443-48d6-a1a2-749915bd8f2c"
                    TAGREFS="LT11330"
                    BASELINE="83 697 807 667 2036 646" 
                    HPOS="81"
                    VPOS="600"
                    WIDTH="1955"
                    HEIGHT="119">
            <Shape><Polygon POINTS="1884 602 1882 602 1859 605 1839 602 1828 602 1809 602 1791 602 1781 602 1779 604 1759 602 1753 602 1735 600 1716 600 1698 600 1688 600 1638 617 1597 604 1595 604 1593 604 1592 604 1543 620 1536 622 1530 620 1465 602 1463 602 1461 602 1389 619 1283 607 1281 607 1229 617 1056 611 1054 611 1052 611 987 632 944 615 942 615 941 615 939 615 883 635 846 617 844 617 842 617 751 630 716 620 714 620 712 620 710 620 647 643 645 645 611 645 457 645 411 628 409 628 407 628 405 628 347 650 169 652 143 643 141 643 139 643 81 656 83 697 83 711 146 719 148 719 195 710 247 700 264 710 280 717 282 717 284 717 487 713 531 704 591 691 628 702 645 708 647 708 649 708 650 708 677 702 734 687 881 693 883 693 998 684 1026 695 1028 695 1030 697 1030 695 1032 695 1060 682 1324 674 1363 689 1374 693 1376 693 1378 693 1428 691 1430 691 1432 691 1435 687 1463 672 1597 678 1599 678 1601 678 1629 667 1742 682 1757 684 1759 684 1783 682 1869 672 2034 676 2036 646 2031 609 1925 613 1919 611 1900 602 1884 602"/></Shape>
	    <String CONTENT="venamur (+ qui cam prior aliquid si tat, unde res determiuutur  cas"
                    HPOS="81"
                    VPOS="600"
                    WIDTH="1955"
                    HEIGHT="119"
                    WC="0.9670395014890983"></String>
          </TextLine>

          
          
          <TextLine ID="47632d83-2405-4c7f-8d08-b906ff87ebf0"
                    TAGREFS="LT11330"
                    BASELINE="145 767 347 747 762 730" 
                    HPOS="139"
                    VPOS="672"
                    WIDTH="623"
                    HEIGHT="112">
            <Shape><Polygon POINTS="145 767 145 784 429 762 444 765 459 771 461 771 463 771 524 762 554 756 598 756 747 756 749 756 751 756 753 756 762 747 762 730 758 676 721 672 719 672 717 672 703 678 656 697 643 685 641 685 639 685 637 685 636 685 602 700 550 685 535 682 533 682 531 682 530 682 515 687 470 708 390 711 293 698 271 697 269 697 139 706 145 767"/></Shape>
	    <String CONTENT="tnctionam certum "
                    HPOS="139"
                    VPOS="672"
                    WIDTH="623"
                    HEIGHT="112"
                    WC="0.9522490501403809"></String>
          </TextLine>

          
          
          <TextLine ID="40b2fe71-dc3b-4c17-92f8-4f19fe836c5f"
                    TAGREFS="LT11330"
                    BASELINE="788 726 1642 700 2176 702" 
                    HPOS="786"
                    VPOS="652"
                    WIDTH="1390"
                    HEIGHT="100">
            <Shape><Polygon POINTS="788 726 788 734 874 752 876 752 877 752 922 736 1047 745 1048 745 1050 745 1052 745 1065 732 1073 728 1101 732 1184 745 1186 745 1188 745 1216 732 1231 724 1261 732 1313 743 1314 743 1398 741 1400 741 1420 730 1441 719 1500 717 1608 717 1627 728 1636 736 1638 736 1640 736 1642 736 1681 734 1683 734 1685 734 1690 728 1709 713 1761 713 1785 728 1791 732 1792 732 1794 732 1796 732 1872 730 1874 730 1882 726 1921 711 2001 726 2014 728 2016 728 2034 726 2118 713 2174 724 2176 702 2174 659 2144 652 2142 652 2079 659 2012 669 1923 663 1893 661 1891 661 1889 661 1887 661 1885 663 1876 672 1755 674 1727 665 1712 661 1711 661 1709 661 1606 663 1605 663 1595 669 1575 680 1396 682 1296 682 1287 672 1285 671 1283 671 1281 671 1279 671 1251 674 1141 687 1091 676 1082 674 1080 674 1078 674 1069 676 1026 687 1008 678 1008 676 1006 676 1004 676 1002 676 786 680 788 726"/></Shape>
	    <String CONTENT="aobus ille locus voratur porisma. V. g. locus si quaeratur"
                    HPOS="786"
                    VPOS="652"
                    WIDTH="1390"
                    HEIGHT="100"
                    WC="0.9705330513674637"></String>
          </TextLine>

          
          
          <TextLine ID="b106cb51-40ff-4aa3-9095-ffde0e964d57"
                    TAGREFS="LT11330"
                    BASELINE="70 823 256 819 649 790 1579 752 2127 749" 
                    HPOS="68"
                    VPOS="702"
                    WIDTH="2059"
                    HEIGHT="141">
            <Shape><Polygon POINTS="1978 702 1977 702 1928 717 1926 719 1826 721 1824 721 1763 702 1759 702 1740 702 1720 702 1707 702 1567 708 1450 736 1443 736 1437 736 1368 723 1367 723 1365 723 1337 734 1089 724 1088 724 1086 724 1015 749 933 730 931 730 900 732 898 732 896 732 857 756 855 756 771 737 770 737 690 756 636 741 634 741 632 741 630 741 628 741 608 754 569 745 567 745 565 745 468 750 364 775 358 777 68 784 70 823 70 843 126 834 303 836 305 836 385 821 517 829 520 829 522 829 524 829 600 806 636 823 637 823 639 823 641 823 678 803 740 799 892 797 985 812 993 812 995 812 1004 810 1101 791 1160 804 1162 804 1164 804 1251 803 1253 803 1259 801 1324 780 1350 788 1352 788 1354 788 1355 788 1357 788 1372 777 1512 771 1779 765 1854 778 1867 780 1869 780 1871 780 1884 777 1938 764 2125 767 2127 749 2120 711 2036 713 2034 713 1980 702 1978 702"/></Shape>
	    <String CONTENT="curva cajusea sit proprietas, ut ex quolibet ejus puncto, in jectam datam magnitutne"
                    HPOS="68"
                    VPOS="702"
                    WIDTH="2059"
                    HEIGHT="141"
                    WC="0.9838071742228099"></String>
          </TextLine>

          
          
          <TextLine ID="c8d602bc-a90c-4f6b-838e-686976277f6f"
                    TAGREFS="LT11330"
                    BASELINE="107 886 1190 825 1649 808 2127 803" 
                    HPOS="106"
                    VPOS="750"
                    WIDTH="2021"
                    HEIGHT="153">
            <Shape><Polygon POINTS="2036 750 2018 750 2014 750 1995 760 1956 754 1954 754 1952 754 1951 754 1932 767 1904 756 1902 756 1900 756 1898 756 1859 771 1858 771 1846 771 1744 767 1742 767 1631 780 1614 782 1608 782 1562 771 1560 771 1558 771 1534 784 1504 777 1502 777 1500 777 1445 790 1432 791 1422 790 1359 773 1357 773 1355 773 1298 778 1296 778 1294 778 1266 797 1262 799 1253 797 1188 786 1186 786 1184 786 1123 803 1110 806 1101 804 1047 791 1045 791 1043 791 1041 791 1015 808 1013 810 957 812 950 810 885 795 883 795 703 804 701 804 632 825 610 830 593 827 537 812 535 812 533 812 531 812 489 830 478 836 466 832 420 817 418 817 416 817 312 840 295 842 282 840 206 829 204 829 202 829 167 845 154 851 106 849 107 886 107 897 260 903 262 903 264 903 297 890 316 882 375 882 403 886 457 894 459 894 461 894 507 882 543 873 643 877 688 877 690 877 712 873 773 862 812 869 848 875 849 875 902 866 967 853 1071 858 1115 860 1117 860 1119 860 1130 856 1164 843 1233 849 1234 849 1236 849 1270 840 1292 849 1294 849 1296 849 1303 849 1419 832 1513 840 1540 842 1541 842 1543 842 1553 838 1593 823 1642 834 1651 836 1653 836 1904 825 1906 825 1910 823 1939 810 1969 821 1971 821 1973 821 1975 821 2127 814 2127 803 2124 758 2040 750 2036 750"/></Shape>
	    <String CONTENT="positione et magnitudine demittendo normalem, sit quarratum nomalis vesta"
                    HPOS="106"
                    VPOS="750"
                    WIDTH="2021"
                    HEIGHT="153"
                    WC="0.9907137629103987"></String>
          </TextLine>

          
          
          <TextLine ID="daace4c8-b5fd-4271-81c0-3f05e6d4adae"
                    TAGREFS="LT11330"
                    BASELINE="65 948 340 936 796 895 1149 888 1586 860 2125 851" 
                    HPOS="61"
                    VPOS="806"
                    WIDTH="2064"
                    HEIGHT="162">
            <Shape><Polygon POINTS="1938 806 1919 806 1913 806 1884 821 1882 823 1865 823 1781 825 1748 810 1746 810 1744 810 1742 810 1679 830 1571 817 1569 817 1355 843 1257 836 1255 836 1253 836 1210 853 1208 853 1201 853 974 845 972 845 903 860 820 853 818 853 816 853 760 868 537 866 535 866 533 866 492 886 491 886 489 886 427 871 425 871 345 875 344 875 290 895 288 897 61 905 65 948 65 968 463 951 464 951 507 935 595 944 597 944 783 914 902 912 924 922 926 922 928 922 1062 903 1130 916 1132 916 1223 905 1270 912 1272 912 1274 912 1355 892 1406 907 1407 907 1409 907 1411 907 1480 882 1744 871 1809 888 1811 888 1813 888 1815 888 1898 871 2124 873 2125 851 2122 812 1991 814 1954 806 1938 806"/></Shape>
	    <String CONTENT="facto ex recta sermentis aequale; is hocus est circuli circumferentia, sed ope hniqus loco"
                    HPOS="61"
                    VPOS="806"
                    WIDTH="2064"
                    HEIGHT="162"
                    WC="0.9646038472652435"></String>
          </TextLine>

          
          
          <TextLine ID="58d56136-b807-4654-a976-321f40f823bb"
                    TAGREFS="LT11330"
                    BASELINE="70 996 284 992 902 949 2116 905" 
                    HPOS="66"
                    VPOS="856"
                    WIDTH="2050"
                    HEIGHT="157">
            <Shape><Polygon POINTS="299 938 286 948 273 957 66 957 70 996 70 1011 238 1013 239 1013 308 1001 332 998 353 1000 416 1005 418 1005 561 990 645 981 669 985 710 992 712 994 712 992 777 981 812 974 827 977 849 985 851 985 853 985 855 985 887 975 894 974 916 974 1022 979 1024 979 1086 966 1115 959 1231 957 1242 959 1272 968 1274 968 1275 968 1277 968 1314 957 1331 951 1367 953 1406 957 1407 957 1435 951 1460 946 1471 949 1493 957 1495 957 1497 957 1675 951 1677 951 1718 938 1733 933 1820 933 1824 933 1846 944 1848 944 1850 944 1923 929 1945 923 2116 920 2116 905 2112 862 2083 856 2081 856 2079 856 2057 866 2021 882 1804 890 1766 879 1727 868 1726 868 1724 868 1586 873 1584 873 1554 890 1540 897 1504 894 1502 894 1500 894 1499 894 1484 903 1407 899 1402 895 1376 882 1374 882 1372 882 1370 882 1337 899 1322 907 1259 903 1203 899 1201 899 1199 899 1179 907 1147 918 1117 908 1114 908 1112 908 1110 908 1108 908 1104 910 1084 920 1067 912 1037 897 1035 897 1034 897 1032 897 991 914 913 903 911 903 677 912 675 912 602 933 582 938 565 935 520 925 518 925 517 925 476 938 448 949 347 951 331 946 308 938 299 938"/></Shape>
	    <String CONTENT="postea alia loca invenire possumus, seu invenire circulum esse locum dem in alii"
                    HPOS="66"
                    VPOS="856"
                    WIDTH="2050"
                    HEIGHT="157"
                    WC="0.9828722260892391"></String>
          </TextLine>

          
          
          <TextLine ID="5a389599-7666-46c2-a0ca-482b589eb257"
                    TAGREFS="LT11330"
                    BASELINE="74 1063 710 1022 1155 1007 1898 966 2116 962" 
                    HPOS="72"
                    VPOS="907"
                    WIDTH="2044"
                    HEIGHT="186">
            <Shape><Polygon POINTS="2075 907 2057 908 2055 908 2029 920 2027 922 1858 933 1850 931 1824 918 1822 918 1820 918 1819 918 1787 931 1765 922 1763 922 1761 922 1759 922 1705 938 1692 944 1575 949 1553 948 1476 936 1474 936 1229 948 1227 948 1166 968 1155 974 736 994 723 994 598 981 597 981 396 1000 249 1000 247 1000 245 1000 172 1024 172 1026 72 1029 74 1063 74 1093 208 1089 210 1089 212 1089 213 1087 230 1076 265 1085 269 1085 271 1085 273 1085 375 1080 377 1080 385 1078 468 1052 515 1068 517 1068 518 1068 520 1068 580 1046 624 1063 626 1063 628 1063 630 1063 673 1039 742 1037 855 1052 879 1053 881 1053 1021 1046 1022 1046 1032 1040 1067 1022 1164 1033 1194 1037 1195 1037 1227 1029 1277 1018 1301 1026 1303 1026 1305 1026 1307 1026 1309 1026 1337 1007 1391 1016 1393 1016 1478 998 1659 1003 1660 1003 1757 983 1811 990 1813 990 1898 975 2019 979 2021 979 2023 979 2025 979 2038 970 2112 979 2116 962 2112 914 2084 907 2075 907"/></Shape>
	    <String CONTENT="aliis modis plurimis. Emendat ibi pappi quendam locum ex groco codice male"
                    HPOS="72"
                    VPOS="907"
                    WIDTH="2044"
                    HEIGHT="186"
                    WC="0.980233907699585"></String>
          </TextLine>

          
          
          <TextLine ID="6797721c-58db-4e65-bea5-26e758e74c49"
                    TAGREFS="LT11330"
                    BASELINE="78 1126 853 1070 1504 1061 1696 1050" 
                    HPOS="74"
                    VPOS="994"
                    WIDTH="1622"
                    HEIGHT="151">
            <Shape><Polygon POINTS="78 1126 78 1145 267 1135 269 1135 271 1135 284 1124 314 1130 316 1130 318 1130 347 1117 438 1122 440 1122 546 1102 639 1100 677 1117 678 1117 680 1117 682 1117 721 1115 723 1115 777 1093 812 1098 814 1098 922 1085 1076 1089 1078 1089 1080 1089 1115 1076 1136 1085 1138 1085 1140 1085 1246 1070 1331 1085 1335 1085 1337 1085 1339 1085 1341 1085 1391 1070 1452 1080 1458 1080 1460 1080 1474 1078 1614 1061 1629 1070 1631 1070 1633 1070 1634 1070 1696 1067 1696 1050 1692 1005 1659 998 1657 998 1655 998 1653 998 1651 998 1636 1009 1634 1011 1564 1013 1560 1013 1499 994 1497 994 1495 994 1493 994 1396 1018 1352 1005 1350 1005 1348 1005 1346 1005 1322 1014 1292 1007 1290 1007 1288 1007 1287 1007 1285 1007 1255 1026 1075 1014 1073 1014 967 1040 956 1042 937 1042 770 1029 768 1029 652 1035 650 1035 576 1059 567 1061 556 1059 459 1044 457 1044 412 1048 411 1048 371 1068 366 1072 280 1074 275 1072 236 1059 234 1059 232 1059 230 1059 228 1059 204 1076 200 1080 74 1081 78 1126"/></Shape>
	    <String CONTENT="acceptus a latino interprete. ubi pro aEx, AHП)cor"
                    HPOS="74"
                    VPOS="994"
                    WIDTH="1622"
                    HEIGHT="151"
                    WC="0.9498702073097229"></String>
          </TextLine>

          
          
          <TextLine ID="5aedb18c-de2a-4e19-9503-c7fc48b412e6"
                    TAGREFS="LT11330"
                    BASELINE="128 1198 375 1169 924 1130 1450 1111" 
                    HPOS="124"
                    VPOS="1063"
                    WIDTH="1326"
                    HEIGHT="163">
            <Shape><Polygon POINTS="1422 1063 1404 1063 1394 1063 1374 1076 1372 1078 1367 1076 1313 1065 1311 1065 1309 1065 1307 1065 1288 1081 1287 1083 1281 1081 1234 1070 1233 1070 1231 1070 1229 1070 1227 1070 1207 1087 1205 1089 1168 1091 1145 1091 1136 1091 1114 1072 1112 1072 1110 1072 1108 1072 991 1081 989 1081 987 1081 987 1083 976 1093 926 1081 924 1081 922 1081 892 1098 868 1085 866 1085 864 1085 863 1085 814 1102 773 1091 771 1091 770 1091 647 1119 634 1107 632 1107 630 1107 494 1107 492 1107 491 1107 455 1124 431 1119 429 1119 427 1119 425 1119 424 1119 399 1135 396 1139 124 1152 128 1198 128 1226 375 1185 451 1206 464 1210 466 1210 468 1210 524 1206 526 1206 537 1200 554 1191 570 1198 584 1202 585 1202 587 1202 682 1197 730 1187 740 1184 742 1184 743 1184 743 1182 760 1167 803 1182 822 1187 823 1187 825 1187 827 1187 829 1187 838 1180 872 1154 1192 1137 1231 1152 1259 1161 1261 1161 1262 1161 1350 1156 1352 1156 1381 1141 1398 1133 1448 1135 1450 1111 1447 1070 1424 1063 1422 1063"/></Shape>
	    <String CONTENT="videtur interpites egnotat in Mis esse"
                    HPOS="124"
                    VPOS="1063"
                    WIDTH="1326"
                    HEIGHT="163"
                    WC="0.9574537245850814"></String>
          </TextLine>

          
          
          <TextLine ID="112a05db-e151-4dc0-a76b-fb1a168d5bd1"
                    TAGREFS="LT11330"
                    BASELINE="1863 1033 2071 1024" 
                    HPOS="1861"
                    VPOS="974"
                    WIDTH="210"
                    HEIGHT="100">
            <Shape><Polygon POINTS="1863 1057 1900 1074 1902 1074 1904 1074 2071 1048 2071 1024 2064 974 2019 998 1969 998 1938 985 1923 979 1921 979 1919 979 1917 979 1898 988 1880 998 1861 992 1863 1033 1863 1057"/></Shape>
	    <String CONTENT="legisse"
                    HPOS="1861"
                    VPOS="974"
                    WIDTH="210"
                    HEIGHT="100"
                    WC="0.8837557264736721"></String>
          </TextLine>

          
          
          <TextLine ID="cc4ffa8c-9ccd-4a9d-8934-5541c6d7ce1a"
                    TAGREFS="LT11330"
                    BASELINE="1958 1068 2077 1068" 
                    HPOS="1958"
                    VPOS="1027"
                    WIDTH="119"
                    HEIGHT="112">
            <Shape><Polygon POINTS="1958 1068 1958 1133 2012 1139 2014 1139 2016 1139 2018 1139 2018 1137 2044 1113 2051 1106 2077 1106 2077 1068 2075 1027 1958 1044 1958 1068"/></Shape>
	    <String CONTENT=""
                    HPOS="1958"
                    VPOS="1027"
                    WIDTH="119"
                    HEIGHT="112"></String>
          </TextLine>

          
          
          <TextLine ID="ed85f6f1-d904-4e81-a834-0683bbba80a2"
                    TAGREFS="LT11330"
                    BASELINE="98 1269 1134 1202 1686 1197 1999 1176 2150 1189" 
                    HPOS="94"
                    VPOS="1115"
                    WIDTH="2056"
                    HEIGHT="178">
            <Shape><Polygon POINTS="98 1269 98 1288 178 1293 180 1293 182 1293 200 1284 215 1275 288 1269 340 1277 385 1284 386 1284 388 1284 411 1275 429 1265 444 1273 446 1273 448 1273 450 1273 459 1271 535 1256 671 1262 732 1264 734 1264 736 1264 749 1258 773 1247 855 1252 859 1252 861 1252 863 1252 898 1236 1080 1228 1115 1241 1123 1243 1125 1243 1127 1243 1128 1243 1138 1239 1168 1226 1233 1236 1255 1238 1257 1238 1502 1226 1504 1226 1519 1221 1564 1206 1605 1217 1616 1221 1618 1221 1619 1221 1621 1221 1638 1215 1681 1204 1748 1211 1761 1211 1763 1211 1779 1210 1912 1187 1993 1198 2004 1200 2006 1200 2150 1191 2150 1189 2146 1126 2049 1115 2047 1115 2045 1115 1980 1133 1975 1135 1584 1154 1532 1154 1372 1150 1370 1150 1368 1150 1329 1163 1322 1165 1314 1163 1264 1146 1262 1146 1261 1146 972 1161 970 1161 903 1180 870 1167 868 1167 866 1167 814 1178 717 1174 716 1174 714 1174 665 1193 641 1204 513 1208 479 1202 440 1195 438 1195 388 1206 364 1211 353 1208 321 1197 319 1197 318 1197 316 1197 275 1211 273 1211 271 1211 223 1200 221 1200 219 1200 217 1200 193 1215 184 1221 172 1217 156 1210 154 1210 152 1210 94 1219 98 1269"/></Shape>
	    <String CONTENT="ПCIRП)or, Ts v6Ees EapE Xoperses NIet 60) naturas"
                    HPOS="94"
                    VPOS="1115"
                    WIDTH="2056"
                    HEIGHT="178"
                    WC="0.9396329363998102"></String>
          </TextLine>

          
          
          <TextLine ID="3d520caf-70c1-4e1f-adb7-b0d1af56647e"
                    TAGREFS="LT11330"
                    BASELINE="100 1338 478 1308 1045 1278 1677 1265" 
                    HPOS="96"
                    VPOS="1210"
                    WIDTH="1581"
                    HEIGHT="139">
            <Shape><Polygon POINTS="100 1338 100 1349 321 1345 323 1345 334 1342 366 1330 390 1340 396 1342 398 1342 399 1342 418 1338 502 1319 570 1329 572 1329 574 1329 598 1316 624 1323 626 1323 628 1323 630 1323 677 1312 740 1325 745 1325 747 1325 749 1325 751 1325 771 1306 807 1306 855 1319 857 1319 859 1319 863 1319 991 1297 1117 1295 1175 1306 1179 1306 1181 1306 1190 1306 1309 1286 1368 1299 1376 1299 1378 1299 1402 1297 1506 1284 1526 1291 1532 1293 1534 1293 1536 1293 1677 1284 1677 1265 1672 1210 1579 1230 1519 1221 1517 1221 1515 1221 1513 1221 1497 1236 1333 1241 1288 1230 1244 1217 1242 1217 1240 1217 1156 1219 1155 1219 1130 1232 1104 1223 1102 1223 1101 1223 890 1230 889 1230 818 1254 794 1264 756 1265 745 1258 740 1254 738 1254 736 1254 734 1254 732 1254 730 1254 725 1260 712 1267 656 1264 636 1262 634 1262 632 1262 630 1262 628 1264 621 1271 608 1265 563 1245 561 1245 559 1245 464 1249 463 1249 461 1249 444 1260 414 1258 412 1258 411 1258 409 1258 383 1277 377 1282 312 1282 312 1280 269 1262 267 1262 265 1262 264 1262 262 1262 225 1286 221 1288 208 1286 154 1278 152 1278 150 1278 148 1278 148 1280 135 1290 133 1293 96 1293 100 1338"/></Shape>
	    <String CONTENT="infimrtam mullitudine suppeditante; sibidem per ca"
                    HPOS="96"
                    VPOS="1210"
                    WIDTH="1581"
                    HEIGHT="139"
                    WC="0.9645564436912537"></String>
          </TextLine>

          
          
          <TextLine ID="019eff7a-fdbc-46a9-9712-43ca7ec17cc2"
                    TAGREFS="LT11330"
                    BASELINE="182 1386 770 1362" 
                    HPOS="178"
                    VPOS="1310"
                    WIDTH="592"
                    HEIGHT="115">
            <Shape><Polygon POINTS="182 1386 184 1425 208 1425 208 1423 210 1423 212 1423 212 1422 213 1422 232 1399 278 1409 280 1409 282 1409 310 1397 344 1412 358 1418 360 1418 362 1418 364 1418 396 1409 453 1390 498 1401 543 1410 544 1410 623 1407 624 1407 626 1407 626 1405 641 1390 649 1383 660 1388 671 1392 673 1392 675 1392 677 1392 678 1392 688 1386 699 1381 770 1381 770 1362 762 1310 717 1330 544 1330 522 1325 502 1319 500 1319 498 1319 496 1319 476 1327 451 1338 409 1332 360 1325 358 1325 357 1325 321 1338 297 1345 277 1340 241 1330 239 1330 238 1330 236 1330 234 1330 212 1343 206 1347 178 1347 182 1386"/></Shape>
	    <String CONTENT="per H(B AYMa)cd"
                    HPOS="178"
                    VPOS="1310"
                    WIDTH="592"
                    HEIGHT="115"
                    WC="0.9017358640829722"></String>
          </TextLine>

          
          
          <TextLine ID="5e18e4f9-fed0-4d55-98cf-f2dd8f4a55df"
                    TAGREFS="LT11330"
                    BASELINE="1707 1260 1796 1252 2185 1252" 
                    HPOS="1705"
                    VPOS="1189"
                    WIDTH="480"
                    HEIGHT="97">
            <Shape><Polygon POINTS="1724 1195 1705 1195 1707 1260 1709 1286 1785 1262 1943 1267 1947 1273 1958 1280 1958 1282 1960 1282 1962 1282 1964 1282 1965 1282 1967 1282 1982 1271 1986 1267 2036 1267 2038 1267 2066 1284 2068 1284 2070 1284 2071 1286 2116 1286 2116 1284 2118 1284 2185 1258 2185 1252 2183 1204 2023 1189 2021 1189 2019 1189 2018 1189 2006 1198 1982 1219 1848 1219 1819 1195 1817 1195 1815 1195 1737 1193 1724 1195"/></Shape>
	    <String CONTENT="ver vutellyi"
                    HPOS="1705"
                    VPOS="1189"
                    WIDTH="480"
                    HEIGHT="97"
                    WC="0.9965355743964514"></String>
          </TextLine>

          
          
          <TextLine ID="649ed79d-807c-4db4-859e-218042a3dae9"
                    TAGREFS="LT11330"
                    BASELINE="982 1338 1941 1312 2282 1325" 
                    HPOS="980"
                    VPOS="1260"
                    WIDTH="1302"
                    HEIGHT="110">
            <Shape><Polygon POINTS="1296 1275 1290 1275 1275 1282 1244 1301 1166 1303 1143 1303 1121 1284 1115 1278 1110 1278 1091 1278 1080 1278 1073 1284 1063 1293 980 1286 982 1338 982 1345 1039 1370 1041 1370 1043 1370 1045 1370 1114 1345 1117 1345 1141 1345 1143 1345 1158 1358 1158 1360 1160 1360 1162 1360 1164 1360 1208 1351 1225 1366 1227 1366 1229 1366 1231 1366 1346 1345 1385 1340 1422 1340 1435 1345 1465 1360 1467 1360 1469 1360 1636 1358 1638 1358 1640 1358 1659 1345 1681 1332 1740 1332 1846 1332 1865 1345 1872 1353 1874 1353 1876 1353 1878 1355 1919 1355 1919 1353 1921 1353 1923 1353 1932 1345 1962 1327 2021 1327 2280 1345 2282 1325 2278 1275 2192 1280 2181 1275 2163 1262 2161 1262 2159 1262 2157 1262 2155 1262 2118 1275 2097 1282 2075 1275 2060 1271 2058 1271 2057 1271 2016 1277 1982 1280 1977 1277 1958 1260 1956 1260 1954 1260 1952 1260 1951 1260 1912 1269 1746 1264 1744 1264 1742 1264 1740 1264 1740 1265 1727 1278 1705 1265 1703 1265 1701 1265 1642 1278 1597 1291 1363 1295 1326 1282 1303 1275 1296 1275"/></Shape>
	    <String CONTENT="cErcor nigividetur pappus intetligere problemato"
                    HPOS="980"
                    VPOS="1260"
                    WIDTH="1302"
                    HEIGHT="110"
                    WC="0.9759684490660826"></String>
          </TextLine>

          
          
          <TextLine ID="f8f7f1cf-5a18-4216-8cfb-7fc2b6d2aed6"
                    TAGREFS="LT11330"
                    BASELINE="81 1459 543 1444 885 1423 1019 1399 1378 1384 1766 1371 2157 1379" 
                    HPOS="79"
                    VPOS="1330"
                    WIDTH="2078"
                    HEIGHT="145">
            <Shape><Polygon POINTS="701 1366 699 1366 639 1390 630 1396 498 1397 491 1396 444 1384 442 1384 440 1384 438 1384 409 1399 403 1403 329 1403 325 1403 293 1390 292 1390 290 1390 288 1390 251 1405 245 1409 174 1409 172 1409 152 1397 150 1397 148 1397 146 1397 145 1397 126 1410 122 1412 79 1412 81 1459 81 1475 390 1459 500 1462 548 1462 550 1462 552 1462 563 1459 615 1444 682 1455 690 1455 691 1455 701 1453 784 1436 857 1448 874 1449 876 1449 877 1449 890 1446 1015 1412 1257 1418 1259 1418 1261 1418 1337 1397 1718 1396 1908 1381 1986 1383 2038 1401 2040 1401 2042 1401 2044 1401 2157 1396 2157 1379 2151 1336 2036 1349 1991 1342 1945 1332 1943 1332 1941 1332 1908 1343 1891 1349 1876 1345 1820 1330 1819 1330 1817 1330 1720 1332 1718 1332 1636 1353 1567 1345 1566 1345 1489 1360 1480 1360 1474 1360 1372 1343 1370 1343 1011 1355 1009 1355 952 1379 939 1384 903 1381 877 1379 876 1379 851 1383 822 1388 801 1384 703 1366 701 1366"/></Shape>
	    <String CONTENT="Hpccialia, et ppsci conrneratia seu indeterminata abe locos. +) porisma"
                    HPOS="79"
                    VPOS="1330"
                    WIDTH="2078"
                    HEIGHT="145"
                    WC="0.9474814865790623"></String>
          </TextLine>

          
          
          <TextLine ID="e867ac49-936b-481f-ba69-27573bcf8c96"
                    TAGREFS="LT11330"
                    BASELINE="113 1531 570 1509 768 1488 1045 1488" 
                    HPOS="111"
                    VPOS="1425"
                    WIDTH="934"
                    HEIGHT="134">
            <Shape><Polygon POINTS="113 1531 115 1559 232 1544 265 1552 277 1554 278 1554 280 1554 282 1554 282 1552 284 1552 297 1537 308 1550 310 1550 310 1552 312 1552 314 1552 316 1552 318 1552 325 1548 358 1533 373 1546 375 1546 377 1546 379 1548 427 1548 427 1546 429 1546 437 1542 468 1526 504 1526 517 1537 517 1539 518 1539 520 1539 522 1539 524 1539 526 1539 552 1518 565 1529 567 1529 569 1529 570 1529 621 1518 656 1531 658 1531 660 1531 662 1531 663 1531 665 1531 665 1529 680 1513 708 1511 797 1518 799 1518 801 1518 803 1518 803 1516 814 1505 911 1503 929 1516 939 1524 941 1524 942 1524 944 1524 1045 1509 1045 1488 1039 1425 989 1440 916 1435 883 1433 881 1433 879 1433 877 1433 870 1438 846 1455 822 1442 809 1436 807 1436 805 1436 745 1438 743 1438 742 1438 725 1449 717 1455 699 1451 671 1448 669 1448 667 1448 665 1448 656 1455 634 1475 450 1483 422 1474 366 1455 364 1455 362 1455 332 1461 331 1461 329 1461 329 1462 306 1483 301 1490 260 1490 254 1487 228 1468 226 1468 225 1468 223 1468 221 1468 219 1468 189 1492 185 1494 178 1494 132 1488 130 1488 128 1488 111 1496 113 1531"/></Shape>
	    <String CONTENT="quintum Feumliroblematire o cum"
                    HPOS="111"
                    VPOS="1425"
                    WIDTH="934"
                    HEIGHT="134"
                    WC="0.8463967173330246"></String>
          </TextLine>

          
          
          <TextLine ID="ea1b0749-13eb-42e8-8142-ce9a8ff13b6a"
                    TAGREFS="LT11330"
                    BASELINE="1050 1461 1262 1455" 
                    HPOS="1048"
                    VPOS="1401"
                    WIDTH="214"
                    HEIGHT="86">
            <Shape><Polygon POINTS="1050 1461 1050 1487 1138 1470 1261 1481 1262 1455 1261 1420 1195 1401 1194 1401 1192 1401 1190 1401 1160 1410 1121 1401 1119 1401 1117 1401 1115 1401 1082 1420 1076 1422 1048 1420 1050 1461"/></Shape>
	    <String CONTENT="plum est"
                    HPOS="1048"
                    VPOS="1401"
                    WIDTH="214"
                    HEIGHT="86"
                    WC="0.9903808906674385"></String>
          </TextLine>

          
          
          <TextLine ID="fd1cbdd2-1e96-48fb-979a-c7840fb9b51b"
                    TAGREFS="LT11330"
                    BASELINE="1285 1448 1858 1422 2272 1429" 
                    HPOS="1285"
                    VPOS="1373"
                    WIDTH="987"
                    HEIGHT="95">
            <Shape><Polygon POINTS="2101 1379 2090 1379 2055 1386 2040 1390 2034 1388 2014 1377 2012 1377 2008 1377 1990 1377 1971 1377 1952 1375 1934 1375 1915 1375 1897 1375 1878 1375 1859 1373 1854 1373 1832 1388 1820 1396 1787 1390 1759 1384 1757 1384 1755 1384 1753 1384 1753 1386 1752 1386 1750 1390 1742 1399 1699 1399 1670 1390 1621 1377 1619 1377 1618 1377 1599 1379 1580 1379 1562 1379 1543 1381 1525 1381 1506 1381 1499 1381 1499 1383 1487 1392 1476 1401 1463 1392 1458 1386 1456 1386 1454 1386 1452 1386 1407 1392 1393 1394 1385 1392 1361 1386 1357 1386 1344 1386 1337 1394 1322 1407 1285 1394 1285 1448 1285 1461 1354 1468 1355 1468 1357 1468 1359 1468 1359 1466 1367 1459 1378 1448 1448 1457 1502 1464 1504 1464 1506 1464 1508 1464 1521 1455 1541 1444 1558 1451 1560 1451 1562 1451 1633 1442 1649 1453 1657 1459 1659 1459 1660 1459 1662 1459 1698 1451 1755 1438 1787 1449 1809 1457 1811 1457 1813 1457 1815 1457 1817 1457 1830 1448 1845 1440 1900 1446 1902 1446 1904 1446 1906 1446 1936 1435 2031 1435 2049 1442 2064 1449 2066 1449 2068 1449 2270 1436 2272 1429 2269 1386 2135 1388 2129 1386 2107 1379 2101 1379"/></Shape>
	    <String CONTENT="ato circulo quaerantur duo punctu n. e"
                    HPOS="1285"
                    VPOS="1373"
                    WIDTH="987"
                    HEIGHT="95"
                    WC="0.9752134618006254"></String>
          </TextLine>

          
          
          <TextLine ID="1c6b35d1-334b-46f5-a325-cb0032351ff1"
                    TAGREFS="LT11330"
                    BASELINE="76 1602 146 1593 703 1570 1097 1524 1882 1494 2244 1488" 
                    HPOS="72"
                    VPOS="1436"
                    WIDTH="2172"
                    HEIGHT="183">
            <Shape><Polygon POINTS="866 1490 864 1490 768 1516 736 1524 710 1520 623 1503 613 1503 572 1526 492 1513 479 1514 461 1514 394 1537 379 1542 260 1544 258 1544 232 1531 230 1531 228 1531 226 1531 195 1548 191 1550 72 1554 76 1602 76 1619 146 1604 191 1615 193 1615 195 1615 197 1615 515 1600 517 1600 528 1596 580 1583 632 1591 643 1593 645 1593 671 1589 768 1576 833 1581 868 1583 870 1583 872 1583 887 1578 959 1550 1034 1542 1249 1535 1337 1552 1339 1552 1341 1552 1396 1528 1463 1539 1465 1539 1467 1539 1512 1522 1623 1528 1625 1528 1681 1514 1714 1528 1716 1528 1718 1528 1720 1528 1768 1511 1837 1520 1839 1520 1915 1503 1951 1513 1952 1513 1954 1513 1995 1505 2045 1516 2086 1526 2088 1526 2243 1505 2244 1488 2241 1436 2198 1436 2196 1436 2194 1436 2189 1438 2131 1459 2047 1448 2045 1448 2044 1448 1969 1466 1926 1453 1878 1436 1876 1436 1874 1436 1376 1459 1374 1459 1322 1483 1192 1474 1190 1474 1188 1474 1149 1496 1145 1496 1128 1496 1039 1496 1037 1496 1035 1496 1011 1503 976 1513 946 1507 868 1490 866 1490"/></Shape>
	    <String CONTENT="a quibus si inflectatur quavis adcirums erentiam recta, (seu si ad a duobus ois"
                    HPOS="72"
                    VPOS="1436"
                    WIDTH="2172"
                    HEIGHT="183"
                    WC="0.9507943165453174"></String>
          </TextLine>

          
          
          <TextLine ID="84221eb4-e695-409e-9d56-efe0ddc90024"
                    TAGREFS="LT11330"
                    BASELINE="907 1596 926 1596" 
                    HPOS="907"
                    VPOS="1552"
                    WIDTH="19"
                    HEIGHT="65">
            <Shape><Polygon POINTS="907 1596 907 1617 926 1615 926 1596 926 1555 907 1552 907 1596"/></Shape>
	    <String CONTENT="e"
                    HPOS="907"
                    VPOS="1552"
                    WIDTH="19"
                    HEIGHT="65"
                    WC="0.7066576480865479"></String>
          </TextLine>

          
          
          <TextLine ID="3b886c87-692a-421f-ab94-714f59e01e3d"
                    TAGREFS="LT11330"
                    BASELINE="418 1641 944 1628" 
                    HPOS="416"
                    VPOS="1578"
                    WIDTH="528"
                    HEIGHT="85">
            <Shape><Polygon POINTS="918 1598 916 1596 866 1596 844 1578 842 1578 840 1578 838 1578 790 1581 788 1581 786 1581 786 1583 770 1598 747 1585 745 1585 743 1585 742 1585 704 1600 645 1581 643 1581 641 1581 533 1604 468 1587 466 1587 464 1587 463 1587 416 1606 418 1641 422 1663 440 1652 463 1661 464 1661 466 1661 468 1661 569 1648 645 1658 691 1663 693 1663 792 1661 794 1661 807 1654 820 1648 942 1650 944 1628 939 1596 918 1596 918 1598"/></Shape>
	    <String CONTENT="ducasilae "
                    HPOS="416"
                    VPOS="1578"
                    WIDTH="528"
                    HEIGHT="85"
                    WC="0.7358388930559159"></String>
          </TextLine>

          
          
          <TextLine ID="38f807d2-35b7-460d-b22e-7d09424c961f"
                    TAGREFS="LT11330"
                    BASELINE="1089 1585 1316 1572 1549 1578 1796 1561 2150 1555" 
                    HPOS="1088"
                    VPOS="1501"
                    WIDTH="1062"
                    HEIGHT="103">
            <Shape><Polygon POINTS="1089 1585 1089 1604 1181 1593 1253 1600 1288 1604 1290 1604 1292 1604 1294 1604 1294 1602 1298 1600 1313 1585 1370 1585 1448 1585 1465 1594 1473 1598 1474 1598 1476 1598 1478 1598 1480 1598 1484 1594 1493 1587 1500 1594 1506 1598 1508 1598 1510 1598 1512 1598 1593 1591 1688 1583 1720 1589 1750 1593 1752 1593 1753 1593 1755 1593 1755 1591 1761 1587 1772 1576 1813 1585 1837 1591 1839 1591 1841 1591 1843 1591 1843 1589 1845 1589 1846 1585 1858 1572 1925 1572 1939 1581 1943 1585 1945 1585 1947 1585 1949 1585 1951 1585 1952 1585 1956 1581 1975 1570 2148 1576 2150 1555 2144 1501 2116 1503 2114 1503 2112 1503 2112 1505 2090 1526 2006 1507 1995 1505 1993 1505 1991 1505 1982 1509 1908 1531 1817 1516 1785 1511 1783 1511 1724 1520 1629 1535 1612 1526 1606 1520 1605 1520 1603 1520 1601 1520 1599 1520 1597 1520 1592 1526 1571 1541 1532 1533 1530 1533 1528 1533 1500 1542 1469 1531 1439 1520 1437 1520 1435 1520 1376 1524 1374 1524 1372 1524 1354 1537 1342 1544 1088 1548 1089 1585"/></Shape>
	    <String CONTENT="sibidem punctu  circumferentiae) sint"
                    HPOS="1088"
                    VPOS="1501"
                    WIDTH="1062"
                    HEIGHT="103"
                    WC="0.9888441401558954"></String>
          </TextLine>

          
          
          <TextLine ID="26eac7de-87fb-48da-a6c2-a9c1600dcd84"
                    TAGREFS="LT11330"
                    BASELINE="987 1622 1294 1607" 
                    HPOS="983"
                    VPOS="1578"
                    WIDTH="311"
                    HEIGHT="70">
            <Shape><Polygon POINTS="1208 1580 1190 1580 1171 1581 1169 1581 1169 1583 1166 1589 1078 1593 983 1585 987 1622 989 1648 1069 1630 1145 1628 1158 1635 1166 1641 1168 1641 1169 1641 1171 1641 1294 1624 1294 1607 1290 1583 1210 1578 1208 1580"/></Shape>
	    <String CONTENT="sissamm inquacus"
                    HPOS="983"
                    VPOS="1578"
                    WIDTH="311"
                    HEIGHT="70"
                    WC="0.9538379572331905"></String>
          </TextLine>

          
          
          <TextLine ID="a129d45c-5f28-486f-bbda-6a5af56f25d0"
                    TAGREFS="LT11330"
                    BASELINE="1006 1659 1147 1654" 
                    HPOS="1004"
                    VPOS="1620"
                    WIDTH="143"
                    HEIGHT="53">
            <Shape><Polygon POINTS="1006 1659 1006 1673 1147 1673 1147 1654 1145 1632 1102 1620 1101 1620 1099 1620 1097 1620 1095 1620 1095 1622 1093 1622 1086 1633 1004 1637 1006 1659"/></Shape>
	    <String CONTENT="ab ex"
                    HPOS="1004"
                    VPOS="1620"
                    WIDTH="143"
                    HEIGHT="53"
                    WC="0.9988935351371765"></String>
          </TextLine>

          
          
          <TextLine ID="a49b283a-dd83-408f-8def-131fe881306e"
                    TAGREFS="LT11330"
                    BASELINE="72 1752 318 1749" 
                    HPOS="70"
                    VPOS="1693"
                    WIDTH="248"
                    HEIGHT="84">
            <Shape><Polygon POINTS="238 1700 219 1702 212 1702 210 1704 200 1713 70 1719 72 1752 74 1777 128 1764 172 1764 189 1773 193 1777 195 1777 197 1777 199 1777 228 1773 284 1764 316 1769 318 1749 312 1693 249 1702 243 1700 238 1700"/></Shape>
	    <String CONTENT="abscissera"
                    HPOS="70"
                    VPOS="1693"
                    WIDTH="248"
                    HEIGHT="84"
                    WC="0.868785685300827"></String>
          </TextLine>

          
          
          <TextLine ID="fcdff7f7-35e5-4aab-b06b-72d23354aad5"
                    TAGREFS="LT11330"
                    BASELINE="388 1708 957 1661" 
                    HPOS="385"
                    VPOS="1611"
                    WIDTH="572"
                    HEIGHT="119">
            <Shape><Polygon POINTS="941 1630 922 1630 903 1630 890 1630 857 1641 818 1633 816 1633 814 1633 788 1646 773 1635 771 1635 770 1635 768 1635 766 1635 764 1635 742 1652 677 1656 643 1648 611 1639 610 1639 608 1639 606 1639 511 1663 494 1650 492 1650 491 1650 489 1650 448 1652 446 1652 444 1652 444 1654 422 1674 420 1678 385 1678 388 1708 392 1730 412 1717 468 1723 479 1723 481 1723 483 1723 492 1719 526 1708 585 1710 615 1712 617 1712 619 1712 630 1706 645 1699 714 1699 797 1699 797 1697 799 1697 820 1687 827 1684 842 1686 889 1689 890 1689 956 1673 957 1661 948 1611 941 1613 941 1630"/></Shape>
	    <String CONTENT=" diaueltro data (ud"
                    HPOS="385"
                    VPOS="1611"
                    WIDTH="572"
                    HEIGHT="119"
                    WC="0.9445156627579739"></String>
          </TextLine>

          
          
          <TextLine ID="0d9ecc5b-3ff0-429f-86bf-3853565d646b"
                    TAGREFS="LT11330"
                    BASELINE="801 1712 838 1708" 
                    HPOS="797"
                    VPOS="1673"
                    WIDTH="43"
                    HEIGHT="74">
            <Shape><Polygon POINTS="823 1673 797 1684 801 1712 805 1747 840 1730 838 1708 831 1673 823 1673"/></Shape>
	    <String CONTENT="se"
                    HPOS="797"
                    VPOS="1673"
                    WIDTH="43"
                    HEIGHT="74"
                    WC="0.9406137466430664"></String>
          </TextLine>

          
          
          <TextLine ID="c9e30f29-1719-47cf-98cf-ed73df493170"
                    TAGREFS="LT11330"
                    BASELINE="701 1713 773 1713" 
                    HPOS="701"
                    VPOS="1686"
                    WIDTH="72"
                    HEIGHT="65">
            <Shape><Polygon POINTS="701 1713 701 1751 773 1751 773 1713 773 1686 701 1686 701 1713"/></Shape>
	    <String CONTENT="ONH"
                    HPOS="701"
                    VPOS="1686"
                    WIDTH="72"
                    HEIGHT="65"
                    WC="0.9978230794270834"></String>
          </TextLine>

          
          
          <TextLine ID="a66c764e-c4c1-4323-8c6e-2a4d0881ab52"
                    TAGREFS="LT11330"
                    BASELINE="933 1695 1227 1682" 
                    HPOS="931"
                    VPOS="1652"
                    WIDTH="296"
                    HEIGHT="69">
            <Shape><Polygon POINTS="1136 1656 1117 1656 1099 1658 1080 1658 1062 1658 1050 1658 1048 1661 956 1658 954 1658 952 1658 950 1658 950 1663 935 1663 931 1667 933 1695 933 1713 957 1721 959 1721 961 1721 963 1721 983 1712 987 1710 989 1712 1009 1719 1011 1719 1013 1719 1015 1719 1017 1719 1017 1717 1026 1708 1030 1704 1073 1704 1076 1706 1097 1715 1099 1715 1101 1715 1227 1697 1227 1682 1223 1656 1136 1652 1136 1656"/></Shape>
	    <String CONTENT="ab exhremfilatest"
                    HPOS="931"
                    VPOS="1652"
                    WIDTH="296"
                    HEIGHT="69"
                    WC="0.987727585960837"></String>
          </TextLine>

          
          
          <TextLine ID="f0db3c0f-93ef-42f8-81dc-188a21e7e370"
                    TAGREFS="LT11330"
                    BASELINE="1322 1641 1858 1632 2006 1637" 
                    HPOS="1320"
                    VPOS="1587"
                    WIDTH="686"
                    HEIGHT="80">
            <Shape><Polygon POINTS="1990 1609 1988 1606 1954 1606 1938 1589 1938 1587 1936 1587 1934 1587 1874 1587 1872 1587 1871 1587 1869 1587 1869 1589 1867 1589 1861 1596 1822 1589 1820 1589 1819 1589 1783 1607 1733 1607 1685 1598 1683 1598 1619 1604 1601 1593 1599 1593 1597 1593 1595 1593 1536 1606 1458 1593 1456 1593 1454 1593 1417 1609 1394 1600 1393 1600 1391 1600 1320 1613 1322 1641 1322 1648 1361 1661 1363 1661 1365 1661 1367 1661 1409 1650 1445 1667 1447 1667 1448 1667 1450 1667 1512 1650 1525 1648 1619 1650 1621 1652 1634 1663 1636 1663 1638 1663 1640 1665 1681 1665 1681 1663 1683 1663 1685 1663 1685 1661 1696 1654 1699 1650 1722 1654 1740 1656 1742 1656 1744 1656 1746 1656 1748 1654 1759 1645 1809 1645 1824 1654 1833 1661 1835 1661 1837 1661 1839 1661 1884 1656 1934 1648 2004 1656 2006 1637 2004 1609 1990 1609"/></Shape>
	    <String CONTENT="libus diametio suasumtar"
                    HPOS="1320"
                    VPOS="1587"
                    WIDTH="686"
                    HEIGHT="80"
                    WC="0.9528174375494322"></String>
          </TextLine>

          
          
          <TextLine ID="e8cc34f5-85f3-420e-96eb-ec9bcea867a3"
                    TAGREFS="LT11330"
                    BASELINE="72 1873 282 1864 980 1797 1703 1764 1852 1765" 
                    HPOS="68"
                    VPOS="1697"
                    WIDTH="1784"
                    HEIGHT="199">
            <Shape><Polygon POINTS="1722 1697 1720 1697 1718 1697 1716 1697 1692 1713 1670 1726 1595 1721 1586 1721 1584 1721 1582 1721 1580 1721 1580 1723 1560 1738 1467 1743 1428 1734 1391 1725 1389 1725 1387 1725 1385 1725 1348 1736 1221 1728 1220 1728 1218 1728 1164 1743 1002 1743 1000 1743 998 1743 996 1743 965 1764 864 1752 863 1752 861 1752 777 1782 758 1790 747 1786 697 1765 695 1765 693 1765 589 1771 587 1771 528 1803 520 1806 422 1814 412 1810 381 1797 379 1797 377 1797 375 1797 373 1797 344 1816 336 1821 68 1836 72 1873 72 1886 98 1896 100 1896 102 1896 262 1884 264 1884 299 1873 305 1871 316 1871 373 1877 375 1877 470 1862 587 1844 619 1849 621 1849 623 1849 658 1836 1095 1808 1186 1817 1201 1819 1203 1819 1205 1819 1212 1817 1246 1804 1270 1814 1277 1816 1279 1816 1281 1816 1341 1812 1342 1812 1352 1808 1387 1791 1435 1801 1437 1801 1439 1801 1487 1782 1553 1795 1562 1797 1564 1797 1852 1777 1852 1765 1845 1702 1805 1717 1768 1708 1724 1697 1722 1697"/></Shape>
	    <String CONTENT="semper in ratione datu ad Transulum Ef Etta. Quod per"
                    HPOS="68"
                    VPOS="1697"
                    WIDTH="1784"
                    HEIGHT="199"
                    WC="0.97348190703482"></String>
          </TextLine>

          
          
          <TextLine ID="99659d0a-92b3-488a-b923-3af32b401c24"
                    TAGREFS="LT11330"
                    BASELINE="74 1812 150 1808" 
                    HPOS="70"
                    VPOS="1752"
                    WIDTH="80"
                    HEIGHT="77">
            <Shape><Polygon POINTS="74 1812 74 1829 150 1817 150 1808 143 1752 70 1777 74 1812"/></Shape>
	    <String CONTENT="asu"
                    HPOS="70"
                    VPOS="1752"
                    WIDTH="80"
                    HEIGHT="77"
                    WC="0.9701143304506937"></String>
          </TextLine>

          
          
          <TextLine ID="2b7d2b3b-5a24-4844-862f-a5adcd8e3938"
                    TAGREFS="LT11330"
                    BASELINE="1988 1607 2217 1607 2326 1617" 
                    HPOS="1986"
                    VPOS="1544"
                    WIDTH="340"
                    HEIGHT="97">
            <Shape><Polygon POINTS="2081 1557 2077 1557 1988 1570 1988 1607 1986 1628 2179 1628 2194 1635 2196 1637 2198 1637 2200 1637 2202 1637 2204 1637 2205 1637 2205 1635 2218 1630 2226 1637 2228 1637 2228 1639 2230 1639 2231 1639 2233 1641 2324 1641 2326 1617 2326 1555 2217 1544 2215 1544 2213 1544 2166 1563 2140 1572 2120 1565 2097 1557 2081 1557"/></Shape>
	    <String CONTENT="diametriAet"
                    HPOS="1986"
                    VPOS="1544"
                    WIDTH="340"
                    HEIGHT="97"
                    WC="0.9711051149801775"></String>
          </TextLine>

          
          
          <TextLine ID="934d7ce0-0753-463a-8efa-d76b7b78d670"
                    TAGREFS="LT11330"
                    BASELINE="254 1801 492 1769 835 1751 987 1732 1324 1717 1528 1697 1902 1695 2062 1678" 
                    HPOS="251"
                    VPOS="1633"
                    WIDTH="1811"
                    HEIGHT="186">
            <Shape><Polygon POINTS="1993 1637 1975 1637 1969 1637 1926 1639 1900 1643 1792 1663 1748 1654 1731 1650 1729 1650 1727 1650 1726 1650 1718 1656 1692 1673 1633 1673 1614 1663 1605 1658 1603 1658 1601 1658 1500 1663 1499 1663 1460 1673 1396 1689 1365 1680 1342 1673 1341 1673 1339 1673 1337 1673 1303 1684 1268 1695 1192 1691 1175 1691 1173 1691 1158 1693 1101 1706 1069 1700 1035 1693 1034 1693 1032 1693 1011 1704 1006 1706 985 1706 879 1699 877 1699 876 1699 807 1717 777 1726 647 1734 543 1736 541 1736 502 1721 500 1721 498 1721 450 1723 448 1723 446 1723 411 1745 407 1747 251 1754 254 1801 256 1819 344 1806 487 1806 507 1806 507 1804 509 1804 511 1804 585 1775 680 1775 706 1788 708 1788 710 1788 712 1788 756 1775 838 1777 840 1777 842 1777 881 1756 956 1754 972 1764 974 1764 976 1764 978 1764 980 1764 1011 1749 1242 1738 1287 1749 1288 1749 1290 1749 1348 1736 1400 1745 1402 1745 1487 1726 1536 1738 1564 1745 1566 1745 1567 1745 1673 1738 1675 1738 1694 1728 1724 1712 1800 1721 1859 1728 1861 1728 1863 1728 1904 1717 1969 1721 1971 1721 1973 1721 2001 1708 2031 1695 2058 1704 2062 1678 2055 1633 1993 1635 1993 1637"/></Shape>
	    <String CONTENT="secanteq re ills unam ex duabus rectis poximus t artisuntada"
                    HPOS="251"
                    VPOS="1633"
                    WIDTH="1811"
                    HEIGHT="186"
                    WC="0.9417419095834096"></String>
          </TextLine>

          
          
          <TextLine ID="7eafa085-ac56-4e9a-b93f-c5973672d80d"
                    TAGREFS="LT11330"
                    BASELINE="35 1712 258 1699" 
                    HPOS="33"
                    VPOS="1630"
                    WIDTH="225"
                    HEIGHT="119">
            <Shape><Polygon POINTS="33 1682 35 1712 37 1749 66 1749 66 1747 68 1747 70 1747 79 1739 102 1725 128 1732 152 1738 154 1738 156 1738 158 1738 159 1738 159 1736 161 1736 169 1725 171 1723 258 1708 258 1699 247 1635 238 1643 230 1637 221 1630 219 1630 217 1630 215 1630 213 1630 178 1641 135 1633 133 1633 132 1633 130 1633 89 1658 81 1663 35 1665 33 1682"/></Shape>
	    <String CONTENT="quadsta"
                    HPOS="33"
                    VPOS="1630"
                    WIDTH="225"
                    HEIGHT="119"
                    WC="0.9476057120731899"></String>
          </TextLine>

          
          
          <TextLine ID="170138ff-e4d5-4c9e-b856-e0fe9aa01b78"
                    TAGREFS="LT11330"
                    BASELINE="195 1808 232 1804" 
                    HPOS="191"
                    VPOS="1775"
                    WIDTH="41"
                    HEIGHT="48">
            <Shape><Polygon POINTS="195 1823 232 1823 232 1804 228 1777 191 1775 195 1808 195 1823"/></Shape>
	    <String CONTENT="a"
                    HPOS="191"
                    VPOS="1775"
                    WIDTH="41"
                    HEIGHT="48"
                    WC="0.9983193278312683"></String>
          </TextLine>

          
          
          <TextLine ID="35083ebd-7930-4bab-abc0-4a1b167dd43c"
                    TAGREFS="LT11330"
                    BASELINE="1112 1862 1158 1858" 
                    HPOS="1108"
                    VPOS="1825"
                    WIDTH="50"
                    HEIGHT="58">
            <Shape><Polygon POINTS="1112 1877 1158 1883 1158 1858 1155 1827 1108 1825 1112 1862 1112 1877"/></Shape>
	    <String CONTENT="+"
                    HPOS="1108"
                    VPOS="1825"
                    WIDTH="50"
                    HEIGHT="58"
                    WC="0.9991291165351868"></String>
          </TextLine>

          
          
          <TextLine ID="954a4f55-42c5-42d6-bf64-32474ae8c516"
                    TAGREFS="LT11330"
                    BASELINE="699 1881 1058 1864" 
                    HPOS="699"
                    VPOS="1816"
                    WIDTH="359"
                    HEIGHT="81">
            <Shape><Polygon POINTS="699 1897 779 1886 816 1892 846 1896 848 1896 849 1896 877 1886 900 1881 937 1883 1015 1888 1017 1888 1019 1888 1058 1873 1058 1864 1052 1838 1002 1838 995 1836 939 1816 937 1816 935 1816 838 1821 836 1821 835 1821 820 1832 796 1849 727 1851 699 1829 699 1881 699 1897"/></Shape>
	    <String CONTENT="in rave data"
                    HPOS="699"
                    VPOS="1816"
                    WIDTH="359"
                    HEIGHT="81"
                    WC="0.9949821283419927"></String>
          </TextLine>

          
          
          <TextLine ID="92672785-36a5-42dd-9e35-132a3f7189f5"
                    TAGREFS="LT11330"
                    BASELINE="1184 1851 1374 1834 1828 1819" 
                    HPOS="1181"
                    VPOS="1773"
                    WIDTH="647"
                    HEIGHT="97">
            <Shape><Polygon POINTS="1184 1851 1186 1870 1229 1855 1331 1860 1365 1862 1367 1862 1368 1862 1370 1862 1370 1860 1374 1858 1381 1851 1406 1857 1435 1862 1437 1862 1439 1862 1441 1862 1456 1853 1469 1845 1499 1851 1545 1858 1547 1858 1636 1842 1659 1838 1683 1838 1772 1844 1774 1844 1776 1844 1828 1829 1828 1819 1822 1773 1720 1795 1677 1795 1657 1784 1642 1777 1640 1777 1638 1777 1636 1777 1634 1777 1634 1778 1627 1786 1614 1801 1588 1801 1558 1791 1534 1782 1532 1782 1530 1782 1528 1782 1497 1795 1480 1801 1454 1797 1374 1788 1372 1788 1370 1788 1368 1788 1368 1790 1350 1804 1344 1812 1314 1814 1277 1814 1274 1810 1238 1793 1236 1793 1234 1793 1233 1793 1181 1814 1184 1851"/></Shape>
	    <String CONTENT="veum ita punctum O sami po"
                    HPOS="1181"
                    VPOS="1773"
                    WIDTH="647"
                    HEIGHT="97"
                    WC="0.9705219773145822"></String>
          </TextLine>

          
          
          <TextLine ID="62789f64-36cc-4a68-92a0-4551bfb6d8f3"
                    TAGREFS="LT11330"
                    BASELINE="100 1985 617 1962 719 1944 1175 1918 1372 1896 1807 1884" 
                    HPOS="96"
                    VPOS="1840"
                    WIDTH="1711"
                    HEIGHT="165">
            <Shape><Polygon POINTS="286 1923 284 1923 96 1946 100 1985 100 2005 353 1994 355 1994 364 1990 403 1975 457 1985 481 1989 483 1989 595 1975 688 1966 729 1968 823 1972 825 1972 827 1972 855 1959 889 1944 969 1949 970 1949 972 1949 974 1949 989 1938 1039 1948 1054 1949 1056 1949 1082 1946 1151 1931 1208 1936 1229 1938 1231 1938 1233 1938 1242 1935 1262 1925 1367 1927 1441 1927 1443 1927 1445 1927 1465 1920 1484 1914 1497 1918 1526 1927 1528 1927 1530 1927 1532 1927 1573 1914 1616 1931 1618 1931 1619 1931 1621 1931 1672 1907 1677 1903 1805 1897 1807 1884 1805 1864 1672 1840 1670 1840 1599 1844 1597 1844 1551 1864 1478 1849 1476 1849 1363 1855 1361 1855 1309 1877 1259 1877 1233 1862 1231 1862 1229 1862 1095 1868 1093 1868 1013 1901 1013 1903 972 1903 918 1877 916 1877 915 1877 827 1881 825 1881 784 1899 751 1884 749 1884 747 1884 745 1884 743 1884 690 1918 531 1923 492 1905 491 1905 489 1905 487 1905 401 1931 401 1933 362 1935 323 1935 288 1923 286 1923"/></Shape>
	    <String CONTENT="tuo arbilrio. Interum quic quod sit hinc patat modus inveniendi porismala,"
                    HPOS="96"
                    VPOS="1840"
                    WIDTH="1711"
                    HEIGHT="165"
                    WC="0.9667447330178441"></String>
          </TextLine>

          
          
          <TextLine ID="6723c5d7-1349-4d5f-be7a-b71b21f67871"
                    TAGREFS="LT11330"
                    BASELINE="167 1922 401 1923" 
                    HPOS="165"
                    VPOS="1864"
                    WIDTH="236"
                    HEIGHT="95">
            <Shape><Polygon POINTS="264 1866 254 1875 245 1884 228 1879 204 1870 202 1870 200 1870 199 1870 167 1883 167 1922 165 1957 208 1959 210 1959 212 1959 219 1957 273 1933 305 1933 321 1948 321 1949 323 1949 325 1949 327 1949 379 1938 394 1951 401 1923 399 1864 344 1864 342 1864 340 1864 338 1864 332 1870 312 1884 292 1873 277 1866 264 1866"/></Shape>
	    <String CONTENT="fiat AZ"
                    HPOS="165"
                    VPOS="1864"
                    WIDTH="236"
                    HEIGHT="95"
                    WC="0.9415992498397827"></String>
          </TextLine>

          
          
          <TextLine ID="fe84c867-46c3-426e-9022-cfebe785e617"
                    TAGREFS="LT11330"
                    BASELINE="85 2048 290 2042 764 2002 877 1985 1244 1972 1608 1940 1815 1933" 
                    HPOS="81"
                    VPOS="1879"
                    WIDTH="1734"
                    HEIGHT="193">
            <Shape><Polygon POINTS="1805 1886 1787 1886 1768 1886 1750 1886 1731 1888 1712 1888 1694 1888 1627 1912 1579 1899 1577 1899 1575 1899 1573 1899 1530 1916 1491 1903 1484 1901 1482 1901 1480 1901 1478 1901 1461 1907 1437 1912 1413 1910 1383 1907 1381 1907 1380 1907 1357 1914 1300 1936 1158 1944 1136 1933 1125 1927 1123 1927 1121 1927 1119 1927 1104 1935 1078 1949 1022 1942 976 1935 974 1935 846 1944 844 1944 790 1961 749 1974 539 1985 522 1981 492 1975 491 1975 489 1975 459 1987 435 1972 433 1972 431 1972 429 1972 427 1972 425 1972 401 1987 358 1977 357 1977 355 1977 353 1977 323 1998 316 2003 185 2011 180 2009 156 1998 154 1998 152 1998 150 1998 148 1998 126 2015 122 2016 81 2016 85 2048 87 2072 154 2055 193 2065 195 2065 197 2065 213 2063 368 2044 396 2050 399 2050 401 2050 403 2050 405 2050 416 2039 606 2035 686 2031 688 2031 703 2028 749 2015 775 2022 784 2024 786 2024 788 2024 790 2024 799 2020 823 2007 1108 1998 1262 1990 1264 1990 1277 1985 1290 1979 1305 1983 1327 1987 1329 1987 1331 1987 1363 1979 1394 1970 1419 1974 1439 1977 1441 1977 1484 1970 1530 1959 1646 1953 1660 1957 1690 1962 1692 1962 1815 1944 1815 1933 1807 1879 1805 1879 1805 1886"/></Shape>
	    <String CONTENT="mempe assumto circulo tunquam dato, quaeratur aliquod circa ipsam"
                    HPOS="81"
                    VPOS="1879"
                    WIDTH="1734"
                    HEIGHT="193"
                    WC="0.9749339470496544"></String>
          </TextLine>

          
          
          <TextLine ID="b7f1d3eb-9ecc-40d6-8775-a06de714db8c"
                    TAGREFS="LT11330"
                    BASELINE="68 2113 306 2098" 
                    HPOS="65"
                    VPOS="2046"
                    WIDTH="241"
                    HEIGHT="99">
            <Shape><Polygon POINTS="137 2048 133 2048 102 2070 100 2072 65 2072 68 2113 70 2145 98 2145 100 2145 102 2145 106 2141 124 2126 161 2132 176 2134 178 2134 306 2107 306 2098 303 2059 148 2046 137 2048"/></Shape>
	    <String CONTENT="probleme"
                    HPOS="65"
                    VPOS="2046"
                    WIDTH="241"
                    HEIGHT="99"
                    WC="0.985460638999939"></String>
          </TextLine>

          
          
          <TextLine ID="4c7dead1-4b8c-44b4-87c6-597b33d7c125"
                    TAGREFS="LT11330"
                    BASELINE="459 2083 637 2067" 
                    HPOS="455"
                    VPOS="2015"
                    WIDTH="182"
                    HEIGHT="94">
            <Shape><Polygon POINTS="619 2015 602 2016 589 2016 589 2018 585 2020 570 2037 541 2029 515 2024 513 2024 511 2024 509 2024 509 2026 492 2039 487 2046 455 2046 459 2083 459 2102 509 2109 511 2109 513 2109 515 2109 515 2107 517 2107 522 2100 526 2094 637 2093 637 2067 630 2015 619 2015"/></Shape>
	    <String CONTENT="solatio"
                    HPOS="455"
                    VPOS="2015"
                    WIDTH="182"
                    HEIGHT="94"
                    WC="0.8639978766441345"></String>
          </TextLine>

          
          
          <TextLine ID="40ffc0a0-cc43-435c-be9c-15c89428fa57"
                    TAGREFS="LT11330"
                    BASELINE="171 2171 647 2122" 
                    HPOS="165"
                    VPOS="2083"
                    WIDTH="482"
                    HEIGHT="110">
            <Shape><Polygon POINTS="171 2171 171 2187 225 2193 226 2193 228 2193 256 2182 278 2193 280 2193 282 2193 338 2187 340 2187 342 2187 368 2171 377 2167 416 2167 518 2169 520 2169 522 2169 524 2169 537 2156 544 2152 557 2156 580 2160 582 2160 647 2147 647 2122 641 2091 570 2100 563 2096 537 2083 535 2083 533 2083 531 2083 530 2083 504 2102 496 2107 476 2106 451 2102 450 2102 448 2102 424 2109 399 2117 386 2113 353 2102 351 2102 349 2102 165 2132 171 2171"/></Shape>
	    <String CONTENT="cic ipsam natura"
                    HPOS="165"
                    VPOS="2083"
                    WIDTH="482"
                    HEIGHT="110"
                    WC="0.9485522843897343"></String>
          </TextLine>

          
          
          <TextLine ID="a649d938-4ac6-4969-a098-7f0fe00ccdf4"
                    TAGREFS="LT11330"
                    BASELINE="109 2228 383 2225" 
                    HPOS="107"
                    VPOS="2176"
                    WIDTH="276"
                    HEIGHT="62">
            <Shape><Polygon POINTS="109 2228 109 2234 381 2238 383 2225 379 2176 338 2176 336 2176 334 2176 332 2176 332 2178 329 2180 316 2193 293 2186 292 2186 290 2186 197 2199 178 2195 148 2187 146 2187 145 2187 143 2187 107 2199 109 2228"/></Shape>
	    <String CONTENT="par eut"
                    HPOS="107"
                    VPOS="2176"
                    WIDTH="276"
                    HEIGHT="62"
                    WC="0.9885225892066956"></String>
          </TextLine>

          
          
          <TextLine ID="8fdb8f74-094e-45ae-b9b9-542dfb9ff6ac"
                    TAGREFS="LT11330"
                    BASELINE="59 2306 485 2269" 
                    HPOS="55"
                    VPOS="2226"
                    WIDTH="430"
                    HEIGHT="110">
            <Shape><Polygon POINTS="59 2306 61 2336 107 2329 109 2329 111 2329 111 2327 128 2312 171 2323 185 2327 187 2327 189 2327 191 2327 193 2327 206 2318 228 2305 308 2305 351 2305 351 2303 353 2303 355 2303 366 2295 379 2288 388 2292 418 2306 420 2306 422 2306 453 2303 455 2303 457 2303 485 2280 485 2269 478 2226 420 2241 371 2238 273 2230 271 2230 269 2230 267 2230 267 2232 265 2232 251 2252 245 2258 232 2258 226 2254 206 2238 204 2238 202 2238 200 2238 169 2239 167 2239 135 2256 111 2247 109 2247 107 2247 106 2247 104 2247 104 2249 78 2271 78 2273 55 2273 59 2306"/></Shape>
	    <String CONTENT="poristuatum non"
                    HPOS="55"
                    VPOS="2226"
                    WIDTH="430"
                    HEIGHT="110"
                    WC="0.9858368277549744"></String>
          </TextLine>

          
          
          <TextLine ID="6dcd766a-da0b-4287-a911-e17602aab278"
                    TAGREFS="LT11330"
                    BASELINE="133 2353 213 2347" 
                    HPOS="130"
                    VPOS="2308"
                    WIDTH="83"
                    HEIGHT="80">
            <Shape><Polygon POINTS="133 2353 135 2388 213 2371 213 2347 208 2308 130 2319 133 2353"/></Shape>
	    <String CONTENT="ope"
                    HPOS="130"
                    VPOS="2308"
                    WIDTH="83"
                    HEIGHT="80"
                    WC="0.9463315010070801"></String>
          </TextLine>

          
          
          <TextLine ID="494d6fdc-6c3c-447d-8a2c-31d96561a5e3"
                    TAGREFS="LT11330"
                    BASELINE="556 2249 624 2245" 
                    HPOS="550"
                    VPOS="2150"
                    WIDTH="74"
                    HEIGHT="123">
            <Shape><Polygon POINTS="556 2249 556 2267 623 2273 624 2245 615 2150 550 2163 556 2249"/></Shape>
	    <String CONTENT="c"
                    HPOS="550"
                    VPOS="2150"
                    WIDTH="74"
                    HEIGHT="123"
                    WC="0.8128597140312195"></String>
          </TextLine>

          
          
          <TextLine ID="a6fa04f2-ba30-4a2e-8d28-d0c28c3da5c3"
                    TAGREFS="LT11330"
                    BASELINE="663 2061 924 2039 1342 2020 1634 1994 1843 1992" 
                    HPOS="660"
                    VPOS="1936"
                    WIDTH="1183"
                    HEIGHT="140">
            <Shape><Polygon POINTS="1234 1974 1227 1974 1186 1985 1145 1996 1127 1990 1099 1979 1097 1979 1095 1979 1093 1979 1065 1994 1063 1996 1062 1994 1048 1983 1047 1983 1045 1983 1043 1983 989 1985 987 1985 985 1985 985 1987 972 2000 892 1990 890 1990 889 1990 887 1990 859 2011 855 2013 848 2011 805 1998 803 1998 801 1998 799 1998 797 1998 777 2016 775 2016 773 2016 710 2007 697 2007 660 2022 663 2061 663 2076 755 2076 755 2074 788 2068 864 2054 905 2061 931 2067 933 2067 1017 2063 1065 2054 1143 2037 1181 2048 1190 2050 1192 2050 1194 2050 1216 2046 1268 2033 1281 2042 1285 2044 1287 2044 1288 2044 1290 2044 1318 2041 1374 2029 1387 2037 1396 2041 1398 2041 1400 2041 1402 2041 1413 2035 1434 2024 1517 2029 1558 2031 1560 2031 1562 2031 1573 2026 1606 2009 1688 2005 1724 2018 1729 2020 1731 2020 1733 2020 1735 2020 1737 2020 1740 2016 1761 2002 1841 2011 1843 1992 1833 1936 1779 1957 1685 1948 1660 1946 1659 1946 1592 1949 1590 1949 1573 1955 1526 1974 1434 1966 1381 1962 1380 1962 1378 1962 1346 1974 1305 1989 1275 1989 1261 1979 1251 1972 1234 1974"/></Shape>
	    <String CONTENT="dabit hujus solutio erit porisma, quae enum ub"
                    HPOS="660"
                    VPOS="1936"
                    WIDTH="1183"
                    HEIGHT="140"
                    WC="0.9872257048669069"></String>
          </TextLine>

          
          
          <TextLine ID="7ffd922b-1115-41e0-ac26-4ca8e2dc6cc1"
                    TAGREFS="LT11330"
                    BASELINE="671 2120 766 2102 1275 2080 1549 2055" 
                    HPOS="667"
                    VPOS="2018"
                    WIDTH="882"
                    HEIGHT="112">
            <Shape><Polygon POINTS="671 2120 671 2130 775 2122 788 2124 809 2130 810 2130 812 2130 814 2130 836 2122 864 2111 874 2120 877 2122 877 2124 879 2124 881 2124 883 2124 885 2124 902 2119 926 2109 942 2115 944 2115 946 2115 948 2115 950 2115 950 2113 965 2102 1015 2111 1024 2111 1026 2111 1028 2111 1030 2111 1032 2109 1041 2100 1058 2107 1060 2107 1062 2107 1063 2107 1065 2107 1065 2106 1076 2096 1138 2102 1140 2102 1141 2102 1143 2102 1188 2091 1214 2098 1229 2102 1231 2102 1233 2102 1234 2102 1248 2096 1268 2085 1281 2093 1290 2100 1292 2100 1294 2100 1296 2100 1342 2093 1361 2107 1363 2107 1365 2107 1367 2107 1480 2102 1482 2102 1549 2076 1549 2055 1543 2029 1487 2029 1465 2018 1463 2018 1461 2018 1460 2018 1435 2029 1415 2020 1413 2020 1411 2020 1409 2020 1352 2039 1327 2029 1326 2029 1324 2029 1322 2029 1320 2029 1320 2031 1307 2042 1218 2031 1216 2031 1214 2031 1212 2031 1212 2033 1195 2050 1108 2054 1088 2044 1086 2044 1084 2044 959 2063 894 2050 892 2050 890 2050 889 2050 868 2067 842 2054 840 2054 838 2054 764 2057 762 2057 760 2057 730 2076 703 2061 701 2061 699 2061 697 2061 695 2061 667 2076 671 2120"/></Shape>
	    <String CONTENT="linea seu circulu dissimules pros"
                    HPOS="667"
                    VPOS="2018"
                    WIDTH="882"
                    HEIGHT="112"
                    WC="0.9748740647778367"></String>
          </TextLine>

          
          
          <TextLine ID="f866d23f-e4e6-4a78-b721-a6e7610cc022"
                    TAGREFS="LT11330"
                    BASELINE="1560 2050 1688 2037 1923 2039" 
                    HPOS="1558"
                    VPOS="1989"
                    WIDTH="365"
                    HEIGHT="74">
            <Shape><Polygon POINTS="1819 1994 1807 1994 1804 1996 1792 2000 1787 1996 1783 1994 1781 1994 1763 1994 1761 1994 1750 2000 1729 2007 1712 2002 1690 1994 1688 1994 1679 1994 1668 2005 1662 2009 1651 2005 1634 2002 1633 2002 1631 2002 1558 2011 1560 2050 1560 2059 1655 2061 1657 2061 1659 2061 1662 2059 1679 2052 1718 2059 1739 2063 1740 2063 1742 2063 1753 2059 1778 2050 1813 2059 1824 2061 1826 2061 1828 2061 1923 2057 1923 2039 1917 1989 1854 2005 1832 1994 1819 1994"/></Shape>
	    <String CONTENT="lema eut locale+)"
                    HPOS="1558"
                    VPOS="1989"
                    WIDTH="365"
                    HEIGHT="74"
                    WC="0.9949613283662235"></String>
          </TextLine>

          
          
          <TextLine ID="47be4841-5d90-4928-9ede-fbd91c0677ce"
                    TAGREFS="LT11330"
                    BASELINE="740 2169 1039 2148 1385 2137" 
                    HPOS="736"
                    VPOS="2087"
                    WIDTH="649"
                    HEIGHT="97">
            <Shape><Polygon POINTS="740 2169 740 2184 805 2173 844 2180 853 2182 855 2182 857 2182 863 2180 896 2167 924 2176 929 2178 931 2178 933 2178 935 2178 942 2174 974 2163 1056 2169 1088 2171 1089 2171 1114 2165 1168 2154 1192 2161 1203 2165 1205 2165 1207 2165 1385 2150 1385 2137 1380 2091 1357 2087 1355 2087 1354 2087 1344 2091 1316 2107 1164 2115 1084 2115 1062 2102 1052 2096 1050 2096 1048 2096 1047 2096 944 2102 942 2102 941 2102 933 2107 928 2113 915 2109 900 2104 898 2104 896 2104 894 2104 879 2109 844 2126 807 2113 796 2109 794 2109 792 2109 736 2115 740 2169"/></Shape>
	    <String CONTENT="em Moro fermati"
                    HPOS="736"
                    VPOS="2087"
                    WIDTH="649"
                    HEIGHT="97"
                    WC="0.9148416479428609"></String>
          </TextLine>

          
          
          <TextLine ID="ffb98c66-62cd-4633-8891-8cc6d99bac71"
                    TAGREFS="LT11330"
                    BASELINE="1095 2264 1515 2223 1923 2204" 
                    HPOS="1091"
                    VPOS="2156"
                    WIDTH="832"
                    HEIGHT="130">
            <Shape><Polygon POINTS="1095 2264 1097 2286 1149 2271 1270 2271 1270 2269 1272 2269 1274 2269 1292 2256 1413 2256 1415 2256 1506 2239 1538 2247 1554 2252 1556 2252 1558 2252 1560 2252 1592 2243 1631 2232 1690 2234 1763 2238 1765 2238 1766 2238 1768 2238 1783 2226 1794 2219 1820 2223 1865 2230 1867 2230 1869 2230 1923 2213 1923 2204 1917 2158 1867 2156 1865 2156 1863 2156 1861 2156 1861 2158 1856 2163 1843 2178 1811 2180 1779 2169 1761 2163 1759 2163 1757 2163 1755 2163 1733 2174 1703 2187 1675 2180 1672 2178 1670 2178 1668 2178 1666 2178 1659 2180 1640 2187 1625 2184 1601 2178 1599 2178 1597 2178 1595 2178 1577 2187 1567 2193 1560 2189 1536 2180 1534 2180 1532 2180 1482 2184 1480 2184 1478 2184 1456 2199 1447 2206 1422 2202 1357 2193 1355 2193 1354 2193 1313 2213 1305 2217 1194 2225 1190 2225 1145 2208 1143 2208 1141 2208 1140 2208 1091 2230 1095 2264"/></Shape>
	    <String CONTENT="plurima alia construxent et hes"
                    HPOS="1091"
                    VPOS="2156"
                    WIDTH="832"
                    HEIGHT="130"
                    WC="0.981899413370317"></String>
          </TextLine>

          
          
          <TextLine ID="5af4a1bb-e098-46ac-9ccd-86c06cc56eb4"
                    TAGREFS="LT11330"
                    BASELINE="749 2349 1220 2308 1575 2293 1800 2265 1969 2260" 
                    HPOS="743"
                    VPOS="2202"
                    WIDTH="1226"
                    HEIGHT="194">
            <Shape><Polygon POINTS="799 2293 794 2293 743 2312 749 2349 755 2396 783 2377 809 2388 810 2388 812 2388 814 2388 816 2388 853 2358 879 2373 881 2373 883 2373 885 2373 928 2353 1019 2357 1021 2357 1022 2357 1067 2344 1115 2366 1123 2370 1125 2370 1127 2370 1160 2366 1162 2366 1164 2366 1168 2362 1205 2331 1277 2327 1314 2351 1320 2355 1322 2355 1324 2355 1326 2355 1393 2349 1394 2349 1396 2349 1402 2344 1435 2318 1506 2336 1523 2340 1525 2340 1526 2340 1553 2336 1554 2336 1556 2336 1556 2334 1560 2332 1577 2314 1606 2329 1616 2332 1618 2332 1619 2332 1690 2327 1692 2327 1694 2327 1703 2319 1739 2295 1776 2314 1787 2319 1789 2319 1791 2319 1792 2319 1794 2319 1805 2312 1854 2282 1910 2280 1965 2299 1969 2260 1962 2202 1917 2206 1915 2206 1913 2206 1876 2228 1835 2213 1832 2212 1830 2212 1828 2212 1804 2215 1752 2226 1699 2225 1655 2225 1653 2225 1651 2225 1629 2232 1575 2252 1500 2256 1474 2247 1471 2245 1469 2245 1467 2245 1465 2245 1463 2245 1463 2247 1461 2247 1450 2262 1430 2262 1406 2252 1383 2245 1381 2245 1380 2245 1378 2245 1376 2245 1363 2256 1350 2267 1320 2260 1292 2254 1290 2254 1208 2258 1207 2258 1155 2275 1151 2277 1147 2277 1127 2267 1125 2267 1123 2267 1121 2267 1119 2267 1102 2280 1093 2286 1071 2284 1017 2277 1015 2277 1013 2277 987 2292 978 2295 961 2293 907 2286 905 2286 903 2286 859 2303 851 2305 848 2305 809 2292 799 2293"/></Shape>
	    <String CONTENT="stis placeat restituere speret, et porismata"
                    HPOS="743"
                    VPOS="2202"
                    WIDTH="1226"
                    HEIGHT="194"
                    WC="0.9833450385115363"></String>
          </TextLine>

          
          
          <TextLine ID="7288a01a-4e3d-4a06-90b0-7964ee83d6dd"
                    TAGREFS="LT11330"
                    BASELINE="293 2334 1056 2271" 
                    HPOS="288"
                    VPOS="2228"
                    WIDTH="768"
                    HEIGHT="114">
            <Shape><Polygon POINTS="293 2334 293 2342 991 2295 993 2295 996 2295 1028 2284 1052 2290 1056 2271 1045 2228 1021 2251 959 2254 937 2236 935 2236 933 2236 931 2236 876 2239 874 2239 872 2239 870 2241 840 2264 816 2254 814 2254 812 2254 810 2254 743 2273 688 2256 686 2256 684 2256 682 2256 680 2256 677 2258 606 2284 491 2280 489 2280 487 2280 444 2297 390 2292 388 2292 386 2292 385 2292 370 2303 288 2290 293 2334"/></Shape>
	    <String CONTENT="et posita quinque pori sinata"
                    HPOS="288"
                    VPOS="2228"
                    WIDTH="768"
                    HEIGHT="114"
                    WC="0.9948928828897148"></String>
          </TextLine>

          
          
          <TextLine ID="6e07147b-cf22-4a2f-8671-de622a495a92"
                    TAGREFS="LT11330"
                    BASELINE="61 2410 405 2397" 
                    HPOS="59"
                    VPOS="2332"
                    WIDTH="346"
                    HEIGHT="105">
            <Shape><Polygon POINTS="61 2410 61 2420 111 2437 113 2437 115 2437 191 2435 193 2435 195 2435 195 2433 208 2423 215 2414 370 2414 401 2425 405 2397 398 2332 338 2336 336 2336 334 2336 331 2340 297 2362 269 2345 252 2338 251 2338 249 2338 247 2338 217 2353 187 2368 139 2368 132 2362 119 2351 119 2349 117 2349 115 2349 113 2349 111 2349 59 2368 61 2410"/></Shape>
	    <String CONTENT="libros Enclido"
                    HPOS="59"
                    VPOS="2332"
                    WIDTH="346"
                    HEIGHT="105"
                    WC="0.9930885008403233"></String>
          </TextLine>

          
          
          <TextLine ID="6962e60b-e428-4e11-97ac-829c0fd29e28"
                    TAGREFS="LT11330"
                    BASELINE="1512 2098 1913 2083" 
                    HPOS="1510"
                    VPOS="2039"
                    WIDTH="403"
                    HEIGHT="96">
            <Shape><Polygon POINTS="1512 2098 1512 2132 1603 2135 1605 2135 1606 2135 1646 2120 1685 2107 1712 2115 1735 2122 1737 2122 1739 2122 1740 2122 1778 2109 1781 2109 1785 2109 1809 2119 1811 2119 1813 2119 1912 2098 1913 2083 1904 2039 1885 2054 1833 2044 1811 2041 1809 2041 1807 2041 1789 2046 1752 2059 1705 2052 1660 2046 1659 2046 1657 2046 1610 2059 1588 2065 1579 2061 1564 2054 1562 2054 1560 2054 1558 2054 1556 2054 1556 2055 1547 2063 1541 2067 1510 2067 1512 2098"/></Shape>
	    <String CONTENT="subjicit inventioni"
                    HPOS="1510"
                    VPOS="2039"
                    WIDTH="403"
                    HEIGHT="96"
                    WC="0.9909030230421769"></String>
          </TextLine>

          
          
          <TextLine ID="12096042-f583-443b-a765-9606b5b74cd0"
                    TAGREFS="LT11330"
                    BASELINE="658 2238 868 2228 1430 2180 1523 2161 1921 2143" 
                    HPOS="654"
                    VPOS="2096"
                    WIDTH="1267"
                    HEIGHT="158">
            <Shape><Polygon POINTS="1378 2139 1376 2139 1359 2139 1341 2139 1337 2139 1314 2154 1307 2160 1288 2156 1253 2150 1251 2150 1249 2150 1248 2150 1234 2161 1229 2167 1149 2167 1048 2171 1004 2180 978 2184 967 2182 916 2174 915 2174 913 2174 911 2174 896 2187 855 2169 853 2169 851 2169 829 2171 827 2171 825 2171 825 2173 799 2195 797 2197 790 2197 734 2189 732 2189 730 2189 729 2189 716 2200 704 2191 703 2191 701 2191 699 2191 697 2191 654 2206 658 2238 658 2245 730 2254 732 2254 866 2243 868 2243 889 2232 892 2230 896 2230 924 2239 926 2239 928 2239 1043 2232 1045 2232 1088 2219 1097 2217 1104 2219 1134 2225 1136 2225 1138 2225 1169 2213 1197 2206 1274 2208 1303 2208 1305 2208 1307 2208 1318 2204 1355 2195 1372 2202 1383 2206 1385 2206 1387 2206 1478 2200 1480 2200 1482 2200 1489 2195 1508 2182 1709 2169 1772 2176 1785 2178 1787 2178 1789 2178 1796 2176 1835 2160 1863 2171 1865 2171 1867 2171 1921 2167 1921 2143 1917 2107 1850 2096 1848 2096 1846 2096 1813 2115 1794 2126 1733 2126 1726 2122 1703 2107 1701 2107 1699 2107 1698 2107 1646 2111 1644 2111 1601 2132 1588 2137 1577 2134 1534 2120 1532 2120 1530 2120 1389 2130 1387 2130 1385 2130 1385 2132 1378 2137 1378 2139"/></Shape>
	    <String CONTENT="Methodum esx puriori analysi derivandam, cujus"
                    HPOS="654"
                    VPOS="2096"
                    WIDTH="1267"
                    HEIGHT="158"
                    WC="0.9873382876748624"></String>
          </TextLine>

          
          
          <TextLine ID="24b40466-5e0a-49ad-a349-48070794ec0d"
                    TAGREFS="LT11330"
                    BASELINE="673 2180 682 2178" 
                    HPOS="665"
                    VPOS="2147"
                    WIDTH="17"
                    HEIGHT="39">
            <Shape><Polygon POINTS="673 2180 673 2186 682 2186 682 2178 671 2147 665 2148 673 2180"/></Shape>
	    <String CONTENT=""
                    HPOS="665"
                    VPOS="2147"
                    WIDTH="17"
                    HEIGHT="39"></String>
          </TextLine>

          
          
          <TextLine ID="4f82aa22-36b3-4982-9294-b5f24033b468"
                    TAGREFS="LT11330"
                    BASELINE="457 2438 639 2429 896 2399 1095 2401" 
                    HPOS="453"
                    VPOS="2340"
                    WIDTH="642"
                    HEIGHT="119">
            <Shape><Polygon POINTS="457 2438 457 2444 485 2442 494 2446 528 2459 530 2459 531 2459 658 2451 660 2451 662 2451 662 2450 675 2438 677 2435 682 2438 690 2442 691 2442 693 2442 695 2442 704 2437 717 2429 727 2437 732 2442 734 2442 736 2442 738 2442 740 2442 742 2442 751 2435 762 2429 818 2433 825 2433 827 2433 829 2433 831 2433 831 2431 833 2431 842 2420 868 2431 874 2433 876 2433 877 2433 879 2433 885 2431 913 2414 972 2410 1093 2422 1095 2401 1088 2340 1067 2351 985 2351 915 2351 913 2351 911 2351 909 2351 909 2353 902 2360 894 2368 883 2362 874 2355 872 2355 870 2355 868 2355 866 2355 844 2366 809 2384 781 2373 753 2362 751 2362 749 2362 747 2362 745 2362 727 2379 712 2392 570 2399 563 2396 552 2390 550 2390 548 2390 546 2390 544 2390 544 2392 537 2399 531 2405 453 2407 457 2438"/></Shape>
	    <String CONTENT="lim sectionibus condere"
                    HPOS="453"
                    VPOS="2340"
                    WIDTH="642"
                    HEIGHT="119"
                    WC="0.9744607624800309"></String>
          </TextLine>

          
          
          <TextLine ID="556995ff-61cd-4010-87bb-42a260060f9c"
                    TAGREFS="LT11330"
                    BASELINE="1177 2431 1460 2403 1634 2396 1763 2375 1913 2371" 
                    HPOS="1169"
                    VPOS="2301"
                    WIDTH="744"
                    HEIGHT="156">
            <Shape><Polygon POINTS="1177 2431 1179 2457 1294 2435 1335 2442 1348 2444 1350 2444 1352 2444 1354 2444 1357 2440 1383 2420 1467 2427 1512 2431 1513 2431 1515 2431 1541 2420 1556 2412 1571 2416 1601 2423 1603 2423 1605 2423 1668 2410 1670 2410 1672 2410 1672 2409 1673 2409 1677 2405 1685 2394 1742 2390 1750 2396 1753 2399 1755 2399 1757 2399 1759 2399 1761 2399 1778 2392 1792 2386 1798 2390 1807 2397 1809 2397 1811 2397 1813 2399 1865 2399 1865 2397 1867 2397 1913 2377 1913 2371 1904 2301 1872 2303 1871 2303 1869 2303 1839 2329 1791 2331 1757 2316 1755 2316 1753 2316 1752 2316 1750 2316 1726 2338 1675 2340 1629 2327 1627 2327 1625 2327 1623 2327 1554 2342 1525 2336 1508 2332 1506 2332 1460 2336 1458 2336 1456 2336 1447 2344 1415 2362 1355 2355 1354 2355 1352 2355 1350 2355 1335 2366 1316 2355 1311 2353 1309 2353 1307 2353 1305 2353 1303 2353 1298 2357 1287 2364 1272 2358 1262 2357 1261 2357 1259 2357 1169 2368 1177 2431"/></Shape>
	    <String CONTENT="sembit Mersenno id quod"
                    HPOS="1169"
                    VPOS="2301"
                    WIDTH="744"
                    HEIGHT="156"
                    WC="0.972969254721766"></String>
          </TextLine>

          
          
          <TextLine ID="d01028bb-aa0f-4433-b7a0-9748d43800ae"
                    TAGREFS="LT11330"
                    BASELINE="78 2570 355 2565 985 2502 1560 2457 1759 2431 1945 2423" 
                    HPOS="72"
                    VPOS="2370"
                    WIDTH="1873"
                    HEIGHT="226">
            <Shape><Polygon POINTS="649 2489 630 2489 611 2490 606 2490 537 2507 491 2496 481 2496 463 2498 461 2498 438 2511 338 2505 319 2505 318 2505 293 2509 230 2524 72 2528 78 2570 78 2596 526 2567 528 2567 544 2561 572 2550 656 2552 701 2552 703 2552 743 2544 816 2529 840 2537 849 2539 851 2539 853 2539 855 2539 864 2535 883 2524 935 2528 956 2529 957 2529 959 2529 974 2526 1017 2513 1075 2516 1102 2518 1104 2518 1303 2502 1305 2502 1324 2496 1370 2483 1404 2490 1413 2490 1415 2490 1487 2483 1792 2446 1945 2444 1945 2423 1938 2370 1627 2416 1580 2405 1579 2405 1577 2405 1575 2405 1519 2423 1474 2409 1473 2409 1471 2409 1469 2409 1467 2409 1424 2433 1389 2422 1387 2422 1385 2422 1383 2422 1365 2431 1300 2423 1294 2423 1292 2423 1290 2423 1287 2423 1225 2450 1166 2435 1162 2435 1160 2435 1158 2435 1155 2437 1091 2461 1013 2448 1006 2448 1004 2448 1002 2448 996 2450 937 2476 693 2494 652 2487 649 2489"/></Shape>
	    <String CONTENT="sumsit Ardrimedes, brachia aequaliu otiam Horizonti non parallela"
                    HPOS="72"
                    VPOS="2370"
                    WIDTH="1873"
                    HEIGHT="226"
                    WC="0.9855671754250159"></String>
          </TextLine>

          
          
          <TextLine ID="c3b861a5-85a9-45c3-936c-4a0e81715324"
                    TAGREFS="LT11330"
                    BASELINE="83 2472 416 2444" 
                    HPOS="79"
                    VPOS="2403"
                    WIDTH="337"
                    HEIGHT="84">
            <Shape><Polygon POINTS="83 2472 83 2487 217 2487 217 2485 219 2485 273 2468 284 2466 293 2466 342 2474 344 2474 345 2474 347 2474 347 2472 349 2472 353 2464 360 2472 362 2472 364 2472 366 2472 368 2472 416 2455 416 2444 409 2407 390 2416 371 2410 351 2403 349 2403 347 2403 345 2403 321 2414 297 2423 223 2422 219 2422 217 2422 215 2422 213 2422 171 2435 158 2425 152 2422 150 2422 148 2422 146 2422 79 2431 83 2472"/></Shape>
	    <String CONTENT="etiam pro"
                    HPOS="79"
                    VPOS="2403"
                    WIDTH="337"
                    HEIGHT="84"
                    WC="0.9907378223207262"></String>
          </TextLine>

          
          
          <TextLine ID="98008bcf-1393-4d4c-9c8b-1f99f91c7001"
                    TAGREFS="LT11330"
                    BASELINE="230 2507 783 2481" 
                    HPOS="226"
                    VPOS="2427"
                    WIDTH="557"
                    HEIGHT="106">
            <Shape><Polygon POINTS="230 2507 232 2533 297 2533 297 2531 299 2531 301 2531 301 2529 303 2529 312 2516 329 2524 331 2524 332 2524 334 2524 336 2524 336 2522 351 2511 433 2524 440 2524 442 2524 444 2524 446 2524 446 2522 474 2505 528 2518 533 2520 535 2520 537 2520 539 2520 543 2518 585 2500 781 2507 783 2481 775 2427 701 2429 699 2429 697 2429 691 2433 660 2453 645 2442 643 2442 641 2442 639 2442 637 2442 613 2455 600 2440 598 2440 598 2438 597 2438 595 2438 593 2438 591 2438 576 2444 550 2451 535 2446 507 2438 505 2438 504 2438 479 2440 478 2440 476 2440 476 2442 464 2453 453 2464 420 2464 407 2457 390 2450 388 2450 386 2450 385 2450 383 2450 383 2451 373 2461 368 2468 226 2472 230 2507"/></Shape>
	    <String CONTENT="aquuntur Epistofo"
                    HPOS="226"
                    VPOS="2427"
                    WIDTH="557"
                    HEIGHT="106"
                    WC="0.9714217746959013"></String>
          </TextLine>

          
          
          <TextLine ID="2f927929-f76e-4a4c-9911-5f371caf175e"
                    TAGREFS="LT11330"
                    BASELINE="66 2635 468 2615 669 2589" 
                    HPOS="63"
                    VPOS="2541"
                    WIDTH="606"
                    HEIGHT="119">
            <Shape><Polygon POINTS="414 2559 396 2561 390 2561 327 2578 239 2570 238 2570 236 2570 234 2570 206 2589 202 2589 193 2589 111 2587 109 2587 107 2587 63 2598 66 2635 68 2660 96 2650 159 2654 204 2658 206 2658 208 2658 210 2658 217 2652 236 2637 254 2650 256 2652 258 2652 260 2652 262 2652 264 2652 278 2648 331 2634 383 2643 399 2645 401 2645 403 2645 405 2645 411 2641 431 2628 450 2635 451 2635 453 2635 455 2635 489 2621 517 2628 518 2628 520 2628 623 2611 667 2626 669 2589 665 2552 647 2541 645 2541 643 2541 641 2541 556 2546 554 2546 552 2546 528 2565 522 2568 472 2572 461 2568 427 2557 414 2559"/></Shape>
	    <String CONTENT="in aquilibrio fore ponder"
                    HPOS="63"
                    VPOS="2541"
                    WIDTH="606"
                    HEIGHT="119"
                    WC="0.9916560363769531"></String>
          </TextLine>

          
          
          <TextLine ID="159904b4-280a-47f6-910b-34dbb086baf3"
                    TAGREFS="LT11330"
                    BASELINE="840 2457 1127 2438" 
                    HPOS="836"
                    VPOS="2410"
                    WIDTH="291"
                    HEIGHT="79">
            <Shape><Polygon POINTS="840 2457 840 2489 863 2489 863 2487 864 2487 866 2487 866 2485 868 2483 889 2466 954 2472 974 2474 976 2474 978 2474 980 2474 980 2472 985 2468 995 2459 1024 2463 1093 2472 1095 2472 1097 2472 1099 2472 1127 2450 1127 2438 1121 2410 924 2427 909 2418 907 2416 905 2416 903 2416 902 2416 900 2416 894 2418 876 2427 836 2422 840 2457"/></Shape>
	    <String CONTENT="fermiatus."
                    HPOS="836"
                    VPOS="2410"
                    WIDTH="291"
                    HEIGHT="79"
                    WC="0.9806884884834289"></String>
          </TextLine>

          
          
          <TextLine ID="4eb31d6f-51b5-43ad-9bcb-0b71de3c72b6"
                    TAGREFS="LT11330"
                    BASELINE="1013 2546 1331 2518 1526 2511 1807 2477 2034 2476" 
                    HPOS="1009"
                    VPOS="2427"
                    WIDTH="1025"
                    HEIGHT="145">
            <Shape><Polygon POINTS="1013 2546 1013 2572 1054 2570 1056 2570 1058 2570 1058 2568 1075 2554 1125 2559 1127 2559 1128 2559 1166 2541 1218 2552 1220 2552 1324 2529 1355 2548 1357 2548 1359 2548 1361 2548 1363 2548 1400 2533 1460 2539 1461 2539 1463 2539 1519 2522 1534 2533 1536 2533 1538 2533 1540 2533 1564 2533 1608 2529 1610 2529 1612 2529 1644 2505 1709 2511 1711 2511 1712 2511 1737 2498 1824 2500 1826 2500 1882 2489 1930 2498 1932 2498 1934 2498 1936 2498 1954 2487 2032 2496 2034 2476 2025 2427 1982 2442 1925 2435 1913 2435 1912 2435 1910 2435 1902 2437 1861 2451 1742 2451 1698 2451 1696 2451 1694 2451 1672 2457 1627 2468 1592 2464 1566 2461 1564 2461 1562 2461 1560 2461 1551 2468 1541 2474 1530 2470 1517 2464 1515 2464 1513 2464 1512 2464 1510 2464 1499 2472 1487 2479 1478 2474 1471 2468 1469 2468 1467 2468 1465 2468 1463 2468 1439 2477 1415 2485 1383 2481 1342 2477 1341 2477 1339 2477 1337 2477 1324 2487 1314 2492 1290 2490 1249 2485 1248 2485 1246 2485 1223 2496 1212 2500 1182 2500 1119 2496 1117 2496 1115 2496 1114 2496 1114 2498 1112 2498 1106 2505 1104 2509 1009 2513 1013 2546"/></Shape>
	    <String CONTENT="quali, non ect rigorose verum; nempe"
                    HPOS="1009"
                    VPOS="2427"
                    WIDTH="1025"
                    HEIGHT="145"
                    WC="0.9682160649034712"></String>
          </TextLine>

          
          
          <TextLine ID="92dc0b46-9ee9-47bb-9603-78ee1f6122c0"
                    TAGREFS="LT11330"
                    BASELINE="712 2626 995 2609 1727 2541 2023 2524" 
                    HPOS="708"
                    VPOS="2481"
                    WIDTH="1315"
                    HEIGHT="169">
            <Shape><Polygon POINTS="1621 2500 1621 2502 1601 2522 1599 2524 1558 2528 1553 2526 1525 2511 1523 2513 1508 2513 1489 2531 1486 2535 1406 2542 1365 2542 1357 2542 1333 2526 1331 2526 1329 2526 1327 2526 1166 2539 1089 2546 1088 2546 1086 2546 1086 2548 1071 2563 1048 2557 1047 2557 1045 2557 1043 2557 1041 2557 1041 2559 1028 2570 1024 2572 1013 2572 969 2567 967 2567 965 2567 963 2567 952 2576 946 2581 708 2596 712 2626 712 2650 2021 2535 2023 2524 2018 2485 1975 2481 1973 2481 1915 2494 1908 2496 1906 2496 1871 2481 1869 2481 1867 2481 1865 2481 1863 2481 1841 2502 1839 2502 1837 2502 1761 2489 1759 2489 1757 2489 1724 2500 1633 2500 1621 2500"/></Shape>
	    <String CONTENT="on parillela sunt sed cendunt ad centru graviam"
                    HPOS="708"
                    VPOS="2481"
                    WIDTH="1315"
                    HEIGHT="169"
                    WC="0.9824169506417945"></String>
          </TextLine>

          
          
          <TextLine ID="784564d9-1fbe-48cc-b1db-d4388ebe1c69"
                    TAGREFS="LT11330"
                    BASELINE="706 2578 937 2561" 
                    HPOS="703"
                    VPOS="2528"
                    WIDTH="234"
                    HEIGHT="76">
            <Shape><Polygon POINTS="706 2578 706 2600 807 2604 809 2604 810 2604 812 2604 825 2595 844 2581 883 2580 935 2587 937 2561 931 2528 703 2537 706 2578"/></Shape>
	    <String CONTENT="existente"
                    HPOS="703"
                    VPOS="2528"
                    WIDTH="234"
                    HEIGHT="76"
                    WC="0.9447629716661241"></String>
          </TextLine>

          
          
          <TextLine ID="8f426ff8-d97c-4491-be28-d6aa1379e8e0"
                    TAGREFS="LT11330"
                    BASELINE="669 2687 1110 2663 1534 2621 2077 2593" 
                    HPOS="665"
                    VPOS="2539"
                    WIDTH="1412"
                    HEIGHT="176">
            <Shape><Polygon POINTS="1166 2595 1164 2595 1149 2604 1114 2624 1086 2615 1084 2615 1082 2615 1080 2615 1030 2632 911 2637 868 2617 859 2617 810 2643 719 2650 665 2626 669 2687 671 2715 729 2715 729 2713 730 2713 740 2710 783 2691 801 2699 803 2699 805 2699 900 2687 918 2697 924 2700 926 2700 928 2700 1034 2693 1035 2693 1037 2693 1037 2691 1041 2689 1048 2682 1166 2682 1236 2682 1236 2680 1238 2680 1240 2680 1246 2676 1266 2660 1307 2671 1313 2673 1314 2673 1316 2673 1318 2673 1326 2671 1380 2650 1480 2647 1504 2658 1508 2660 1510 2660 1512 2660 1513 2660 1515 2660 1519 2658 1530 2650 1554 2654 1575 2658 1577 2658 1631 2654 1633 2654 1634 2654 1640 2648 1653 2639 1685 2647 1699 2648 1701 2648 1703 2648 1716 2645 1739 2635 1761 2641 1763 2641 1765 2641 1766 2641 1768 2641 1770 2641 1804 2624 1828 2634 1830 2634 1832 2634 1833 2634 1863 2621 1962 2624 1964 2624 1965 2624 2001 2611 2025 2622 2032 2626 2034 2626 2036 2626 2077 2619 2077 2593 2073 2561 1997 2539 1995 2539 1993 2539 1991 2539 1891 2570 1880 2574 1871 2572 1856 2567 1854 2567 1852 2567 1850 2567 1826 2574 1809 2578 1796 2574 1724 2557 1722 2557 1720 2557 1718 2557 1699 2572 1647 2563 1646 2563 1484 2572 1367 2595 1257 2615 1207 2602 1177 2593 1166 2595"/></Shape>
	    <String CONTENT="le gave E au point E cet le point N daas la super ficie on autemis"
                    HPOS="665"
                    VPOS="2539"
                    WIDTH="1412"
                    HEIGHT="176"
                    WC="0.9177967698285074"></String>
          </TextLine>

          
          
          <TextLine ID="7242aa54-d889-431a-bee7-673e6bb5824f"
                    TAGREFS="LT11330"
                    BASELINE="65 2691 585 2658 675 2643" 
                    HPOS="61"
                    VPOS="2611"
                    WIDTH="614"
                    HEIGHT="102">
            <Shape><Polygon POINTS="65 2691 65 2713 137 2712 139 2712 141 2712 141 2710 143 2710 150 2700 161 2708 163 2708 165 2708 167 2708 169 2708 172 2706 202 2693 217 2702 221 2706 223 2706 225 2706 226 2706 228 2706 230 2706 230 2704 234 2700 243 2691 258 2699 269 2702 271 2702 273 2702 275 2702 277 2702 286 2697 299 2687 314 2693 329 2699 331 2699 332 2699 385 2687 409 2682 425 2684 479 2689 481 2689 483 2689 485 2689 485 2687 496 2676 500 2674 515 2674 565 2678 567 2678 675 2660 675 2643 669 2617 619 2611 617 2611 615 2611 598 2621 593 2622 587 2621 557 2613 556 2613 554 2613 552 2613 518 2624 494 2634 463 2628 453 2628 451 2628 431 2630 355 2643 344 2635 340 2632 338 2632 336 2632 334 2632 332 2632 331 2632 323 2637 318 2641 295 2639 247 2634 245 2634 243 2634 217 2643 189 2654 154 2647 126 2643 124 2643 61 2652 65 2691"/></Shape>
	    <String CONTENT="cum directiones graviu"
                    HPOS="61"
                    VPOS="2611"
                    WIDTH="614"
                    HEIGHT="102"
                    WC="0.9982845999977805"></String>
          </TextLine>

          
          
          <TextLine ID="7440c48e-6cc5-46eb-bc0e-55e83db93b18"
                    TAGREFS="LT11330"
                    BASELINE="50 2782 472 2764 1078 2712 1298 2702 1805 2661 2031 2652" 
                    HPOS="46"
                    VPOS="2606"
                    WIDTH="1985"
                    HEIGHT="215">
            <Shape><Polygon POINTS="453 2713 435 2715 420 2715 385 2725 357 2734 208 2743 169 2741 83 2736 81 2736 79 2736 46 2749 50 2782 52 2821 191 2799 223 2810 225 2810 226 2810 228 2810 273 2797 332 2803 336 2803 338 2803 340 2803 342 2803 394 2780 489 2792 494 2792 496 2792 505 2790 587 2771 690 2777 704 2777 706 2777 708 2777 712 2775 758 2754 825 2767 833 2767 835 2767 851 2766 967 2738 1097 2732 1115 2741 1117 2741 1119 2741 1121 2741 1151 2726 1266 2725 1294 2732 1301 2734 1303 2734 1305 2734 1374 2728 1376 2728 1381 2725 1415 2706 1465 2704 1500 2717 1508 2719 1510 2719 1512 2719 1513 2719 1526 2715 1575 2697 1625 2708 1640 2710 1642 2710 1716 2704 1718 2704 1731 2699 1776 2682 1885 2687 1893 2687 1895 2687 1897 2687 1900 2687 1956 2669 1982 2680 1986 2682 1988 2682 1990 2682 2031 2676 2031 2652 2023 2606 1854 2609 1852 2609 1830 2619 1809 2628 1787 2622 1779 2621 1778 2621 1776 2621 1774 2621 1761 2624 1720 2635 1688 2630 1668 2626 1666 2626 1664 2626 1634 2634 1588 2645 1541 2641 1491 2635 1489 2635 1383 2643 1381 2643 1361 2654 1352 2658 1322 2656 1257 2652 1255 2652 1253 2652 1251 2652 1234 2663 1218 2671 1127 2671 1047 2671 1045 2671 993 2680 939 2691 926 2686 909 2678 907 2678 905 2678 810 2684 809 2684 775 2697 755 2706 496 2723 478 2719 459 2713 453 2713"/></Shape>
	    <String CONTENT="plus elorgne du centre que le point E, je ne dis pas que le poids E pese moius en E queu N"
                    HPOS="46"
                    VPOS="2606"
                    WIDTH="1985"
                    HEIGHT="215"
                    WC="0.9756514330705007"></String>
          </TextLine>

          
          
          <TextLine ID="8b6b34e0-606d-4d56-b01e-583e0ef604d3"
                    TAGREFS="LT11330"
                    BASELINE="81 2730 567 2708" 
                    HPOS="79"
                    VPOS="2671"
                    WIDTH="488"
                    HEIGHT="93">
            <Shape><Polygon POINTS="81 2730 83 2764 124 2745 182 2756 197 2758 199 2758 305 2753 306 2753 332 2743 364 2734 396 2740 414 2741 416 2741 418 2741 442 2736 463 2730 470 2734 491 2743 492 2743 494 2743 567 2725 567 2708 563 2680 498 2671 496 2671 435 2686 433 2686 431 2686 407 2674 405 2674 403 2674 319 2691 318 2691 295 2680 293 2680 292 2680 290 2680 288 2680 288 2682 273 2693 202 2684 200 2684 79 2702 81 2730"/></Shape>
	    <String CONTENT="soit le centrc de laterre"
                    HPOS="79"
                    VPOS="2671"
                    WIDTH="488"
                    HEIGHT="93"
                    WC="0.9485789871215821"></String>
          </TextLine>

          
          
          <TextLine ID="f6062338-d95e-41cd-bd2d-5054d33b1673"
                    TAGREFS="LT11330"
                    BASELINE="61 2840 355 2831 561 2806 1229 2764 1809 2732 1995 2732" 
                    HPOS="57"
                    VPOS="2674"
                    WIDTH="1938"
                    HEIGHT="197">
            <Shape><Polygon POINTS="409 2767 403 2767 357 2786 347 2790 331 2788 275 2782 273 2782 271 2782 245 2795 239 2797 57 2806 61 2840 63 2871 416 2851 418 2851 420 2851 517 2823 600 2840 604 2840 606 2840 621 2838 868 2803 933 2814 935 2814 937 2814 996 2797 1153 2799 1155 2799 1253 2780 1300 2790 1301 2790 1368 2777 1422 2788 1424 2788 1426 2788 1486 2767 1573 2779 1575 2779 1577 2779 1579 2779 1599 2766 1655 2777 1672 2779 1673 2779 1675 2779 1686 2775 1731 2753 1835 2747 1995 2754 1995 2732 1990 2674 1893 2700 1841 2684 1833 2682 1832 2682 1830 2682 1638 2693 1636 2693 1634 2693 1627 2699 1618 2704 1584 2702 1543 2699 1541 2699 1467 2710 1314 2736 1275 2736 1248 2725 1231 2719 1229 2719 1227 2719 1132 2723 1130 2723 1128 2723 1110 2734 1089 2747 1032 2740 963 2732 961 2732 881 2751 833 2762 810 2756 771 2743 770 2743 768 2743 766 2743 712 2762 690 2769 669 2766 632 2758 630 2758 628 2758 602 2769 589 2775 569 2773 544 2769 543 2769 494 2777 463 2782 455 2780 425 2767 409 2767"/></Shape>
	    <String CONTENT="mars que la force en A parle mogen de la Bglance le resiendia plus arsement"
                    HPOS="57"
                    VPOS="2674"
                    WIDTH="1938"
                    HEIGHT="197"
                    WC="0.9736892557144166"></String>
          </TextLine>

          
          
          <TextLine ID="4daf29e8-cc7f-4e53-92c8-1726011d668c"
                    TAGREFS="LT11330"
                    BASELINE="122 2896 394 2879 764 2842 1404 2816 1965 2775" 
                    HPOS="119"
                    VPOS="2743"
                    WIDTH="1846"
                    HEIGHT="175">
            <Shape><Polygon POINTS="122 2896 122 2907 238 2918 239 2918 241 2918 243 2918 273 2898 275 2898 277 2898 312 2911 314 2911 316 2911 318 2911 345 2896 403 2905 405 2905 407 2905 433 2892 533 2899 535 2899 537 2899 606 2877 610 2877 619 2877 723 2879 725 2879 807 2864 816 2862 889 2860 890 2860 920 2871 922 2871 924 2871 1140 2844 1147 2844 1149 2844 1201 2858 1203 2858 1205 2858 1534 2838 1536 2838 1584 2818 1655 2831 1657 2831 1659 2831 1686 2816 1727 2819 1729 2819 1731 2819 1755 2808 1785 2821 1787 2821 1789 2821 1865 2818 1867 2818 1869 2818 1898 2797 1923 2808 1925 2808 1926 2808 1928 2808 1965 2792 1965 2775 1960 2743 1590 2773 1560 2769 1512 2762 1510 2762 1508 2762 1465 2775 1447 2780 1426 2779 1354 2767 1352 2767 1175 2779 1173 2779 1149 2792 1130 2784 1128 2784 1127 2784 1125 2784 1123 2784 1108 2795 1024 2788 1022 2788 920 2806 874 2797 872 2797 870 2797 827 2810 693 2808 691 2808 690 2808 630 2831 624 2832 619 2832 543 2818 541 2818 539 2818 496 2834 425 2831 424 2831 422 2831 390 2847 386 2849 119 2864 122 2896"/></Shape>
	    <String CONTENT="priacipe que M. de Fermat demande pour  la Geostatiquest, pae si deux pords eganux"
                    HPOS="119"
                    VPOS="2743"
                    WIDTH="1846"
                    HEIGHT="175"
                    WC="0.9571793500970049"></String>
          </TextLine>

          
          
          <TextLine ID="525cbc6b-1378-4903-8369-ed80664a4672"
                    TAGREFS="LT11330"
                    BASELINE="59 2948 479 2918 1447 2873 1683 2855 1982 2851" 
                    HPOS="55"
                    VPOS="2793"
                    WIDTH="1927"
                    HEIGHT="183">
            <Shape><Polygon POINTS="297 2886 278 2886 260 2886 204 2901 167 2894 148 2896 130 2896 126 2884 120 2884 119 2884 117 2884 55 2886 59 2948 61 2976 126 2959 193 2968 195 2968 197 2968 234 2955 282 2964 288 2964 290 2964 301 2963 368 2950 386 2959 388 2959 390 2959 392 2959 394 2959 398 2957 446 2938 764 2938 777 2938 777 2937 779 2937 781 2937 796 2925 840 2933 861 2937 863 2937 894 2931 980 2912 1104 2918 1168 2922 1169 2922 1171 2922 1197 2914 1210 2911 1240 2911 1309 2914 1311 2914 1313 2914 1314 2914 1326 2907 1337 2899 1363 2905 1394 2911 1396 2911 1398 2911 1417 2901 1441 2890 1554 2894 1662 2898 1664 2898 1666 2898 1699 2886 1726 2877 1748 2883 1778 2892 1779 2892 1781 2892 1980 2870 1982 2851 1977 2793 1846 2810 1826 2801 1824 2801 1822 2801 1698 2806 1696 2806 1694 2806 1634 2831 1513 2821 1512 2821 1510 2821 1463 2842 1214 2851 1127 2834 1123 2834 1121 2834 1095 2836 1006 2845 1004 2845 967 2866 810 2871 756 2853 755 2853 753 2853 747 2853 624 2875 561 2868 559 2868 557 2868 556 2868 530 2886 318 2894 297 2884 297 2886"/></Shape>
	    <String CONTENT="sont jonnts par une hione dioite ferme et desous sans poids et quainsi disposes;a"
                    HPOS="55"
                    VPOS="2793"
                    WIDTH="1927"
                    HEIGHT="183"
                    WC="0.9691467093832699"></String>
          </TextLine>

          
          
          <TextLine ID="5ef16ecf-f2db-485c-b2d0-949a2a70d267"
                    TAGREFS="LT11330"
                    BASELINE="55 2987 371 2979 1945 2905" 
                    HPOS="53"
                    VPOS="2862"
                    WIDTH="1892"
                    HEIGHT="154">
            <Shape><Polygon POINTS="55 2987 55 3005 197 3016 199 3016 200 3016 251 2998 258 2996 262 2998 292 3007 293 3007 295 3007 297 3007 344 2994 353 2992 366 2992 412 2998 414 2998 416 2998 448 2990 459 2987 466 2989 487 2996 489 2996 491 2996 492 2996 528 2987 541 2983 567 2985 624 2989 626 2989 758 2976 831 2970 855 2972 935 2983 937 2983 1039 2977 1041 2977 1075 2963 1076 2963 1091 2963 1257 2968 1259 2968 1398 2961 1400 2961 1445 2948 1471 2940 1502 2946 1523 2948 1525 2948 1562 2942 1614 2935 1631 2940 1651 2946 1653 2946 1655 2946 1712 2937 1765 2927 1943 2927 1945 2905 1941 2868 1876 2862 1874 2862 1872 2862 1850 2873 1835 2881 1532 2894 1502 2888 1452 2881 1450 2881 1448 2881 1400 2894 1370 2901 1268 2899 1201 2899 1199 2899 1155 2905 1101 2912 1084 2909 1054 2899 1052 2899 1050 2899 982 2911 941 2905 939 2905 937 2905 903 2916 883 2924 857 2918 812 2911 810 2911 732 2924 650 2918 649 2918 595 2931 561 2938 535 2933 492 2925 491 2925 433 2938 399 2946 385 2940 371 2937 370 2937 368 2937 318 2944 265 2951 247 2948 213 2938 212 2938 210 2938 53 2955 55 2987"/></Shape>
	    <String CONTENT="puissent de scendre librement, ils ne reposeront jamais jusqu&#x27;a ce, que le milien"
                    HPOS="53"
                    VPOS="2862"
                    WIDTH="1892"
                    HEIGHT="154"
                    WC="0.9865236687071529"></String>
          </TextLine>

          
          
          <TextLine ID="9ccdb9b6-2db7-4197-bc9c-23d6071a4097"
                    TAGREFS="LT11330"
                    BASELINE="68 3035 961 3011 1919 2961" 
                    HPOS="65"
                    VPOS="2916"
                    WIDTH="1854"
                    HEIGHT="154">
            <Shape><Polygon POINTS="753 2963 743 2963 680 2981 667 2987 591 2987 589 2985 544 2972 530 2972 528 2972 478 2990 468 2992 463 2990 429 2979 427 2979 425 2979 424 2979 386 2994 379 2996 373 2994 342 2983 340 2983 338 2983 297 2990 264 2983 251 2983 245 2983 200 3002 187 3005 178 3002 148 2990 146 2990 145 2990 65 3005 68 3035 70 3070 161 3046 299 3044 329 3057 332 3059 334 3059 336 3059 338 3059 340 3059 342 3057 357 3046 388 3056 390 3056 392 3056 394 3056 396 3056 398 3056 440 3037 526 3033 662 3043 706 3044 708 3044 978 3031 980 3031 1000 3026 1024 3018 1063 3022 1119 3028 1121 3028 1238 3022 1240 3022 1259 3013 1261 3011 1264 3013 1279 3020 1281 3020 1283 3020 1285 3020 1309 3011 1311 3009 1313 3009 1331 3018 1333 3018 1335 3018 1337 3018 1339 3018 1354 3009 1439 3015 1441 3015 1443 3015 1471 3002 1489 2994 1530 3000 1579 3005 1580 3005 1582 3005 1606 2996 1625 2989 1642 2994 1666 3002 1668 3002 1670 3002 1672 3002 1694 2990 1703 2987 1716 2990 1744 2998 1746 2998 1748 2998 1750 2998 1776 2987 1787 2981 1917 2979 1919 2961 1915 2931 1878 2916 1876 2916 1874 2916 1804 2918 1802 2918 1755 2938 1752 2938 1549 2929 1547 2929 1545 2929 1491 2950 1480 2953 1471 2950 1428 2935 1426 2935 1424 2935 1422 2935 1387 2953 1378 2959 1264 2961 1259 2959 1227 2946 1225 2946 1223 2946 1221 2946 1220 2946 1197 2961 1190 2966 1101 2966 1095 2964 1058 2955 1056 2955 1054 2955 1052 2955 1050 2955 1032 2968 1022 2974 887 2977 861 2976 760 2961 753 2963"/></Shape>
	    <String CONTENT="tella igne s&#x27;unisse an centre commun deschoses pesantes. Tlreorema Fer–"
                    HPOS="65"
                    VPOS="2916"
                    WIDTH="1854"
                    HEIGHT="154"
                    WC="0.986222335150544"></String>
          </TextLine>

          
          
          <TextLine ID="352b21d0-e6fe-494a-a22d-628d6223e4f4"
                    TAGREFS="LT11330"
                    BASELINE="68 3089 383 3095 468 3082 972 3069 1132 3054 1884 3015" 
                    HPOS="66"
                    VPOS="2977"
                    WIDTH="1818"
                    HEIGHT="140">
            <Shape><Polygon POINTS="68 3089 68 3109 254 3117 256 3117 342 3113 344 3113 394 3096 399 3096 440 3096 820 3096 820 3095 918 3082 1043 3085 1045 3085 1047 3085 1084 3070 1086 3070 1188 3080 1190 3080 1192 3080 1240 3063 1244 3063 1255 3063 1380 3072 1381 3072 1471 3054 1478 3054 1484 3054 1567 3065 1569 3065 1571 3065 1597 3052 1884 3037 1884 3015 1880 2977 1711 3000 1616 2990 1597 2989 1595 2989 1593 2989 1586 2990 1541 3013 1355 3013 1324 3005 1300 3000 1298 3000 1262 3007 1186 3026 1128 3015 1106 3011 1104 3011 1102 3011 1101 3011 1095 3016 1084 3024 1048 3018 1043 3018 1041 3018 1039 3018 1035 3018 996 3033 967 3024 965 3024 963 3024 905 3037 697 3037 682 3037 680 3037 671 3037 578 3052 502 3052 489 3046 459 3033 457 3033 455 3033 453 3033 394 3052 377 3056 366 3054 314 3039 312 3039 310 3039 156 3044 154 3044 66 3067 68 3089"/></Shape>
	    <String CONTENT="mati talo: Acentrur graomm seu terro erum F et M corpora in aqui librio quando"
                    HPOS="66"
                    VPOS="2977"
                    WIDTH="1818"
                    HEIGHT="140"
                    WC="0.9527886395271008"></String>
          </TextLine>

          
          
          <TextLine ID="69b50560-541b-4a95-88d0-7ac27fbbc267"
                    TAGREFS="LT11330"
                    BASELINE="974 3113 1476 3093" 
                    HPOS="972"
                    VPOS="3050"
                    WIDTH="504"
                    HEIGHT="72">
            <Shape><Polygon POINTS="974 3113 974 3122 1476 3106 1476 3093 1469 3050 1426 3065 1327 3067 1307 3061 1294 3056 1292 3056 1290 3056 1288 3056 1287 3056 1275 3063 1268 3067 1262 3063 1249 3057 1248 3057 1246 3057 1244 3057 1223 3067 1214 3070 1210 3067 1205 3061 1203 3061 1201 3061 1199 3061 1134 3072 1106 3076 1088 3074 1013 3069 1011 3069 1009 3069 972 3082 974 3113"/></Shape>
	    <String CONTENT="Reciproce sib corpra se"
                    HPOS="972"
                    VPOS="3050"
                    WIDTH="504"
                    HEIGHT="72"
                    WC="0.9741751992184183"></String>
          </TextLine>

          
          
          <TextLine ID="3dd35a8f-2722-4753-adeb-b040c018e905"
                    TAGREFS="LT11330"
                    BASELINE="63 3148 954 3115" 
                    HPOS="61"
                    VPOS="3072"
                    WIDTH="893"
                    HEIGHT="102">
            <Shape><Polygon POINTS="876 3072 874 3072 872 3072 872 3074 868 3076 859 3087 792 3089 779 3082 773 3076 771 3076 770 3076 768 3076 766 3076 751 3082 732 3091 717 3083 703 3078 701 3078 699 3078 697 3078 662 3087 637 3093 628 3089 613 3082 611 3082 610 3082 608 3082 606 3082 595 3089 585 3096 552 3093 505 3085 504 3085 502 3085 470 3096 450 3102 416 3098 381 3093 377 3095 358 3095 344 3095 336 3102 331 3106 292 3104 174 3098 172 3098 171 3098 169 3098 154 3111 150 3113 139 3111 76 3102 74 3102 72 3102 70 3102 61 3108 63 3148 63 3174 161 3173 163 3173 226 3154 301 3163 303 3163 305 3163 306 3163 306 3161 319 3148 355 3165 357 3165 358 3165 360 3165 362 3165 362 3163 377 3147 409 3145 487 3160 489 3160 491 3160 492 3160 517 3145 544 3152 546 3152 548 3152 550 3152 608 3137 669 3150 671 3150 673 3150 675 3150 693 3135 743 3150 745 3150 747 3150 820 3135 851 3147 853 3147 855 3147 857 3147 859 3147 859 3145 870 3134 894 3145 896 3145 898 3145 954 3143 954 3115 944 3072 931 3083 896 3076 877 3072 876 3072"/></Shape>
	    <String CONTENT="quando arcus seu distantiae Oectis Curcularis"
                    HPOS="61"
                    VPOS="3072"
                    WIDTH="893"
                    HEIGHT="102"
                    WC="0.9553643534580867"></String>
          </TextLine>

          
          
          <TextLine ID="5f8e91a3-92d7-4c4d-a284-f11e6df690ac"
                    TAGREFS="LT11330"
                    BASELINE="228 3184 982 3156" 
                    HPOS="226"
                    VPOS="3117"
                    WIDTH="756"
                    HEIGHT="91">
            <Shape><Polygon POINTS="970 3152 954 3122 896 3117 894 3119 876 3119 870 3119 861 3126 859 3128 716 3130 714 3130 703 3124 691 3126 678 3126 673 3130 641 3128 636 3128 617 3128 598 3130 580 3130 569 3130 567 3134 563 3139 463 3141 448 3137 442 3135 431 3135 412 3135 394 3137 390 3137 362 3145 351 3139 338 3139 319 3139 301 3141 282 3141 280 3141 271 3148 226 3143 228 3184 228 3197 308 3208 310 3208 312 3208 345 3195 416 3202 418 3202 420 3202 422 3202 422 3201 429 3195 435 3201 437 3201 438 3201 440 3201 442 3201 444 3201 444 3199 446 3199 451 3191 451 3189 537 3186 541 3187 559 3201 561 3201 563 3201 565 3201 630 3199 632 3199 680 3187 773 3193 775 3193 777 3193 779 3193 779 3191 781 3191 790 3180 790 3178 792 3180 801 3186 803 3186 805 3186 807 3186 870 3176 902 3173 907 3176 926 3187 928 3187 929 3187 931 3187 933 3187 982 3173 982 3156 976 3148 970 3152"/></Shape>
	    <String CONTENT="truibata Reati il dissalis ab"
                    HPOS="226"
                    VPOS="3117"
                    WIDTH="756"
                    HEIGHT="91"
                    WC="0.933668666872485"></String>
          </TextLine>

          
          
          <TextLine ID="9464b369-3485-4bfd-b033-7f3973b4d4e2"
                    TAGREFS="LT11330"
                    BASELINE="305 3214 366 3214" 
                    HPOS="305"
                    VPOS="3182"
                    WIDTH="61"
                    HEIGHT="93">
            <Shape><Polygon POINTS="305 3214 305 3275 366 3275 366 3214 364 3182 305 3187 305 3214"/></Shape>
	    <String CONTENT="quad"
                    HPOS="305"
                    VPOS="3182"
                    WIDTH="61"
                    HEIGHT="93"
                    WC="0.8401303961873055"></String>
          </TextLine>

          
          
          <TextLine ID="83050632-6d5c-4123-a9f0-b5a3d900694c"
                    TAGREFS="LT11330"
                    BASELINE="390 3214 747 3212 1034 3197 1277 3195" 
                    HPOS="388"
                    VPOS="3156"
                    WIDTH="889"
                    HEIGHT="82">
            <Shape><Polygon POINTS="481 3174 472 3174 463 3178 437 3187 388 3182 390 3214 390 3232 533 3225 593 3230 665 3238 667 3238 710 3228 732 3225 740 3228 747 3234 749 3234 751 3234 753 3234 755 3234 756 3234 764 3228 773 3223 779 3228 784 3232 784 3234 786 3234 788 3234 790 3236 853 3236 853 3234 909 3227 989 3215 1078 3225 1125 3228 1127 3228 1128 3228 1130 3228 1130 3227 1136 3223 1149 3210 1225 3210 1274 3221 1277 3195 1270 3156 1203 3174 1158 3174 1138 3160 1136 3158 1134 3158 1132 3158 1130 3158 1102 3160 941 3178 890 3167 874 3163 872 3163 870 3163 868 3163 864 3167 851 3178 840 3167 838 3167 838 3165 836 3165 835 3165 786 3165 784 3165 783 3165 781 3165 775 3169 756 3182 691 3173 688 3173 686 3173 684 3173 682 3173 662 3186 504 3186 494 3178 491 3174 481 3174"/></Shape>
	    <String CONTENT="a lentio naequaliter distarit omnia absolvi posse"
                    HPOS="388"
                    VPOS="3156"
                    WIDTH="889"
                    HEIGHT="82"
                    WC="0.9422552013883785"></String>
          </TextLine>

          
          
          <TextLine ID="bfa04ab9-f007-41f0-a31f-b54abfea98f9"
                    TAGREFS="LT11330"
                    BASELINE="464 3243 522 3245" 
                    HPOS="463"
                    VPOS="3214"
                    WIDTH="59"
                    HEIGHT="65">
            <Shape><Polygon POINTS="502 3214 483 3214 474 3214 464 3215 464 3243 463 3277 518 3279 522 3245 522 3219 511 3214 502 3214"/></Shape>
	    <String CONTENT="m."
                    HPOS="463"
                    VPOS="3214"
                    WIDTH="59"
                    HEIGHT="65"
                    WC="0.9322911202907562"></String>
          </TextLine>

          
          
          <TextLine ID="21977558-eccd-4f96-b0d0-8d3e517566ad"
                    TAGREFS="LT11330"
                    BASELINE="1396 3141 1720 3117 1869 3115" 
                    HPOS="1393"
                    VPOS="3063"
                    WIDTH="476"
                    HEIGHT="98">
            <Shape><Polygon POINTS="1461 3095 1460 3095 1458 3095 1458 3096 1452 3100 1448 3104 1439 3102 1413 3095 1411 3096 1398 3096 1393 3100 1396 3141 1396 3161 1541 3161 1541 3160 1543 3160 1575 3150 1597 3145 1605 3148 1612 3154 1614 3154 1616 3154 1618 3154 1668 3145 1744 3132 1759 3141 1765 3145 1766 3145 1768 3145 1770 3145 1869 3134 1869 3115 1861 3063 1807 3067 1805 3067 1804 3067 1768 3087 1722 3087 1698 3078 1688 3074 1686 3074 1685 3074 1683 3074 1664 3080 1625 3095 1595 3087 1573 3082 1571 3082 1569 3082 1567 3082 1566 3082 1566 3083 1558 3091 1551 3098 1499 3096 1463 3095 1461 3095"/></Shape>
	    <String CONTENT="reperisede reliquo puto"
                    HPOS="1393"
                    VPOS="3063"
                    WIDTH="476"
                    HEIGHT="98"
                    WC="0.9824662260387255"></String>
          </TextLine>

          
          
          <TextLine ID="39cb9712-e10d-43fd-8660-bb3d1dcbc274"
                    TAGREFS="LT11330"
                    BASELINE="1357 3180 1865 3163" 
                    HPOS="1355"
                    VPOS="3126"
                    WIDTH="510"
                    HEIGHT="89">
            <Shape><Polygon POINTS="1357 3180 1357 3215 1406 3215 1406 3214 1407 3214 1409 3214 1409 3212 1411 3210 1424 3197 1450 3208 1461 3212 1463 3212 1465 3212 1467 3212 1484 3206 1526 3189 1549 3201 1564 3208 1566 3208 1567 3208 1569 3208 1603 3197 1638 3186 1655 3193 1672 3202 1673 3202 1675 3202 1677 3202 1716 3189 1729 3186 1740 3187 1804 3201 1805 3201 1807 3201 1809 3201 1809 3199 1828 3182 1865 3178 1865 3163 1859 3126 1355 3143 1357 3180"/></Shape>
	    <String CONTENT="considereum cide esse hic sive–"
                    HPOS="1355"
                    VPOS="3126"
                    WIDTH="510"
                    HEIGHT="89"
                    WC="0.9371299657129473"></String>
          </TextLine>

          
          
          <TextLine ID="6e60538a-de21-4610-b093-f571c4b32a3e"
                    TAGREFS="LT11330"
                    BASELINE="539 3247 1454 3234 1724 3240" 
                    HPOS="537"
                    VPOS="3189"
                    WIDTH="1187"
                    HEIGHT="123">
            <Shape><Polygon POINTS="1188 3197 1177 3197 1155 3204 1125 3212 1069 3206 1002 3199 995 3199 982 3208 976 3212 969 3208 957 3204 956 3204 954 3204 846 3212 790 3215 784 3214 781 3210 779 3212 760 3212 756 3212 755 3214 753 3215 751 3214 749 3212 742 3214 723 3214 704 3214 686 3214 667 3214 649 3214 537 3219 539 3247 539 3292 1722 3312 1724 3240 1722 3189 1686 3189 1685 3189 1683 3189 1681 3189 1681 3191 1679 3191 1673 3199 1666 3191 1664 3191 1662 3191 1660 3191 1606 3201 1549 3193 1530 3191 1528 3191 1526 3191 1521 3193 1493 3206 1463 3195 1456 3193 1454 3193 1452 3193 1450 3193 1437 3197 1391 3208 1326 3199 1318 3199 1316 3199 1314 3199 1313 3199 1298 3210 1236 3201 1203 3197 1188 3197"/></Shape>
	    <String CONTENT="sice nn (e2) hade et ex in pandeat pe fili in (o) 2"
                    HPOS="537"
                    VPOS="3189"
                    WIDTH="1187"
                    HEIGHT="123"
                    WC="0.8229422969560997"></String>
          </TextLine>

          
        </TextBlock>
        
        <TextBlock HPOS="1930"
                   VPOS="1672"
                   WIDTH="359"
                   HEIGHT="346"
                   ID="r0"
                   TAGREFS="BT27336">
          <Shape><Polygon POINTS="1930 1727 1939 1997 2280 2018 2289 1672 2130 1686 2068 1719 1973 1720"/></Shape>
          
        </TextBlock>
        
        <TextBlock HPOS="1998"
                   VPOS="2934"
                   WIDTH="252"
                   HEIGHT="252"
                   ID="r1"
                   TAGREFS="BT27336">
          <Shape><Polygon POINTS="1998 2936 2016 3045 2112 3186 2162 3154 2250 3038 2237 2934"/></Shape>
          
        </TextBlock>
        
        <TextBlock HPOS="1476"
                   VPOS="1061"
                   WIDTH="565"
                   HEIGHT="73"
                   ID="r2"
                   TAGREFS="BT27338">
          <Shape><Polygon POINTS="1481 1082 1476 1126 1548 1128 1657 1128 1781 1134 1846 1115 2040 1119 2041 1074 1832 1079 1737 1061 1616 1073 1540 1085"/></Shape>
          
        </TextBlock>
        
        <TextBlock HPOS="1494"
                   VPOS="3041"
                   WIDTH="317"
                   HEIGHT="62"
                   ID="r3"
                   TAGREFS="BT27337">
          <Shape><Polygon POINTS="1502 3057 1494 3103 1624 3099 1802 3098 1811 3044 1605 3041"/></Shape>
          
        </TextBlock>
        
        <TextBlock HPOS="2155"
                   VPOS="3114"
                   WIDTH="107"
                   HEIGHT="119"
                   ID="r5"
                   TAGREFS="BT16581">
          <Shape><Polygon POINTS="2216 3114 2155 3161 2172 3233 2262 3186"/></Shape>
          
        </TextBlock>
        

        
      </PrintSpace>
    </Page>
  </Layout>
</alto>
