2424 4045
517 2123 58 171 de

415 2269 142 113 H

1373 2609 470 103 debet diordi per

1029 3683 115 87 ad

1074 3597 340 101 vel quam g

429 3229 1680 182 in Vollisci vol t1. Operum deest plagula CC

512 3368 553 108 ascrcudat Bb. 2

220 3413 2111 191 Methadus vallisi; mvemiendi an anchis avimmis lavem inter duas quanti–

200 3507 2120 169 dates quam proxime fieri potest, per numeros tales ut nec numerator nec mo no

227 3649 213 76 minata

494 3636 454 83 sit major quam

240 3692 690 121 ad 7 sit  talis infia g9; _t

1466 3566 834 130 g ete. et ita ostendere quod

1229 3674 405 99 Metiana infra

1072 44 468 88 sopere Aithmetreo

281 67 1990 148 uaedam mea in daleisio invenio, ut quod Examinanda scus

186 175 2123 112 utile sit pugutatim operationes per novenarium examnari; atque ade

231 251 2028 101 Et in divisporre perr lineas ductas dictinuvi operares particulares

353 328 1994 101 quod Vallisius vulbi umtalem esse principium numerorum, sed NVullitalem

229 395 2120 94 ul lineae punctum, ergo malem, rationem linfinite parvi ad aliquid

233 456 2121 108 seu initum magnitudinit e vel proportionis, esse Nimeri punciprum. Infinit

256 516 1729 117 nihila faciunt n sed infinita infinite parva faciunt apliquid

341 548 2004 157 in, facit F quia ec qui multipticat per negativum, toties sollit

242 620 2004 166 multiplicatum; bollere est autem est signum mutare. Nima Ego soleo sic rem

258 683 1914 164 concipere: si multiplices a per b idem est ac s a maltplices per

2223 678 111 122 F at

267 743 2017 162 et productum per  i. sed multiplicare per , est tollere: Tollere autem

283 874 544 105 est signum gt mutare

337 871 1981 191 Nolat pribadem Novanariam esse minus unversalem, quia Algebraicis

256 1006 951 108 non convenit, verum e ego appluo

350 1024 1963 169 quot aurei distribiendi inter milites ut quisque habeat. sint

238 1175 281 87 a aurei

364 1235 117 68 ia

699 1103 1608 128 jam quilibet mites ex 6 militibus habet 24 ergo prodeunt 6 vicibus

800 1159 1540 151 unde patet et inmuliplicae intelligi quasi Alggebram quandum

384 1244 1731 147 Erujo pver nondum cognita pplicave Algebrae et F ad Geometria

2187 1222 108 81 nihi

242 1294 2110 171 quam postes in Carlesio vidi, mitu aliquam fraxeram. rebeabam, Aream dividebarm

242 1359 2013 180 in qu quadratilla valde exigua velut ullitales ita mulliplicares et divisiones ex

233 1489 495 113 caleraque ex hiblba

335 1566 413 110 Decem, putoc

813 1460 1467 158 lamerom comparatio per subtractionem differentia

287 1626 585 111 per dioisionem ratio

908 1550 1399 148 Etiam divisco non filarti per homonenea neque dividitur

263 1629 2044 168 recta alea per ligeam, (sed meo sensu per numerum humerus quadratillorum areae,

272 1737 1000 121 nec nunem quadrat llolum lateris +)

267 1818 711 103 sunt homogneae inter se

1418 1687 898 115 latione, qualumcunque G ogntitatum

1812 1757 522 92 antitate est homius enen

1016 1818 850 121 ( vel potius Analigisre seu relatio eaderm

1050 1815 213 56 nemue ra

380 1838 1846 211 progressi contmnatio proportio si referatur A ad B ut C ad D.

294 1885 277 81 Mumlio.

308 2018 209 128 propiessio

600 1957 967 121 B et C coincidant, et ila continuetur

1457 1988 784 126 contentie semicirentari Blinea BCd

631 2040 803 144 pelicoides figura contanta ABCd DA

1864 2051 483 101 nam codemta semmenta

690 2074 1153 150 et quadrantalibus AB, Ad aequatur quadrato ABCd

1771 2112 567 106 et addantur iis equali

1328 2159 344 101 A,BCGB, DCI

663 2186 1540 164 segmenta ABLA, ADMA, A ex pelicoide fit quadratum,

1902 2244 132 66 homo

694 2182 580 110 si adimantur segmenta B

197 2260 2130 211 abphedus mulhiplicationes division) comparat hele rologos muno  non rminos

505 2319 219 78 no factipus

458 2418 126 78 intract

308 2420 1155 141 naultiplicat homologos (Reterologos,

344 2519 843 112 vallis: vol. 1. op. pag.

398 2548 1099 173 recinatis fractio reducitur ad loem

305 2680 450 113 Cot in diosore

1601 2339 712 141 scomparat id est condividit

1565 2516 652 113 parendo maxim

2028 2575 121 101 fit

811 2678 1385 151 ut seximales referat ad decimales re

319 2730 1922 231 Qvocat ad decimales dierm, sed prestat referri ad decimales

305 2912 531 135 horam nam c

274 2955 1052 155 minulum  minutum secundum est horae

789 3040 452 106 tertium est horae

1385 2838 645 114 ergo minutum est h hor

1825 2901 419 110 Minutum

1742 3024 119 90 eM
