2377 2233
1746 1524 261 56 non veas

1329 1604 190 58 mars c

1040 1532 600 83 la ligne la tonchante

385 17 324 74 et culii 1b77

418 91 970 111 Methode des Conchante

173 227 1865 91 Methode generale pour mener les touchantes des Lignes courbe

1819 306 143 45 q

361 310 1978 106 sans calcul et sans recere edeqe q reduction des quantites irrationelle, et romp

331 406 573 56 Monsieur Nenton

1318 378 145 69 hublie

1865 399 172 48 pom

2054 409 136 58 trouer

157 435 2128 81 Messicurs Hudde, Slusius esantres out trnte donne Et la mener methode de mener des

145 501 201 46 vans calent

187 497 2126 104 les tonchantes deslignes combes, dout l'equation est purgee des  quanbites

529 564 23 52 re

187 570 2152 102 irrationelles et compues, qui compreunent ag ds quelqu'unedes. parexemple

755 640 524 70 une combe A sestant donu

1055 642 493 88 on AG que nous appllletont

761 709 407 78 de l'ordonnceee

1583 636 754 64 equation exprime  la relation

1188 684 1150 91 a  aberesse A B. E pu GC, n soct a appellec, X, soit

45 1834 124 88 ause

241 1018 193 68 t meltant

513 908 371 85 on n qu'a ecrire

1171 986 207 48 mt

460 1013 903 101 est a dide chargeantl'equation en analogre

331 1260 325 89 supposans que

286 1348 180 47 It

467 1331 181 44 t

797 1241 371 90 exprime la raison

1430 1059 278 84 et supposans

1348 1231 87 57 ou

1559 1120 162 64 Iu

1684 1181 580 93 l'on aura lacis TB on GD

1204 1364 555 78 BC et GC. donnees.

1802 1329 436 90 lors que la valur

318 1398 2010 134 degrandems determinees fit que lagrande b. c. d. e. etc avec leur signes fait

1877 1455 14 39 a

301 1405 292 84 in supposant

431 1520 298 72 de la valeur

843 1466 1450 99 ex une grandeur negative il fant mener conchante ie

341 1592 573 71 ant mener latomtant

344 1646 311 67 mni nesera

766 1612 473 85 qui approche de

365 1704 430 74 la tondrante nem

442 1767 311 73 eloigne.

2049 1509 222 70 vers A

1569 1568 506 79 on cT, qui seu eto

818 1647 973 100 duloas vers A commemiement de tabscisse

1818 1617 407 82 may BD qui

1791 1651 58 74 AB

816 1707 1451 122 ooita conte tont ce qu'on en a publie jusque dicy. Hise a ceduu

820 1741 89 56 a pas

960 1741 93 44 qui v

234 1776 2062 130 se a entendre a celuus qui est verse en ces matieres. Mag lors qu it y a des gro

214 1850 1975 113 errationelles on grandears on rompues, qui enferment x on y on toutes deux cer

1477 1900 21 36 o

2209 1839 42 54 e

101 1914 2127 100 vemode on ne pent se servir de cette methode, qu'ea ostant ir que par reduction

143 1962 2179 120 de l'equation donnee a une autre  deliuree de ces grandenis. Mais cela grossit horribu

127 2019 2195 109 le calint quelyues fois; et nous oblige de monter a des dimension tres hantes, et a des equations, dont

136 2079 2167 104 sonnent la depression est tres difficile. Je ne donte pas que es Messicure que jc viens de

137 2177 287 54 hommer ne

480 2146 1798 85 Hode ne sgachientbn tenremdde, qu'ul y fant apporter imars comme
