2436 3878
635 241 1721 157 suffecerititaque cum quats infinite parva

426 353 1956 172 magna (seu strictius infinita) et infinite parva seu  notarum

418 445 1901 171 pobis quantitatum incinitesim a) dicimus, intelligia

422 545 1951 176 eit indefinite pagra, et indefinite magna parva

444 633 1905 179 id est tam magna quam quis velit, et tam parva quam

433 713 1979 191 quis velit, ut error quem aliquis assignat, sit reto minora

441 797 1973 202 quam quem ipse assignavit. Et cum generaliter appareas

474 887 1940 194 uertore utcunque parvo assignato, ostendi posse adhuc min

1968 973 241 58 nullum,

452 973 1960 205 rem essi debere, sequitur errorem esse omnino. Similifere

448 1070 1957 192 argumentandi genete cum eo quo alicubi utuntur Euclides

416 1154 1994 220 heodosius, aliique, quod  quod quibus mirificum visum est, tame

1720 1247 80 75 upel

433 1266 1964 188 verissimum negai non potes poturt, at ex eo ipso quod error

1185 1329 1188 172 er esse nullus. Et ita indefinite

769 1432 1533 170 vel magnum, intelligitur non determihatu

431 1424 720 135 assumitur, infertumm efinte

426 1553 272 108 parvum

437 1525 1919 196 utcunque  r magnum, vel utcunque parvum, quasi

461 1605 1946 193 ut ita se habeat  quoddam genus, non t aliquod altimum

998 1643 82 78 elu

1765 1630 84 63 veli

543 1686 1845 203 eo genere. Quod si vero quis rigorose ultinum intelli

461 1766 1942 229 oc Et si omnino, ultimum Aut si omnmo altimum aliquod

459 1826 47 65 in

431 1850 1970 226 t aut faltem aat salteni rigorose infinitum quis intelligat,

465 1943 1940 224 potest hoc facere, tsi controversiam de realitate exten

476 2063 1431 171 sienum confinuerum: extensorum aut generatin

1321 2158 22 56 t

1353 2147 108 61 ru

1946 2055 457 75 confinuorum

1323 2165 511 105 infinitrum non

728 2167 554 95 num aut infinitelasar

1940 2109 138 77 decu

1985 2167 114 21 s

582 2221 558 103 hale parcorum non

433 2305 261 123 etsi talia

2069 2141 272 71 t, ino

801 2191 1598 191 mpossibilia putet; st ninirum suffecerit enim

556 2305 1735 204 calculo, ad hiberi uti imaginarias radices adhibent

668 2354 151 84 ufilitem

435 2391 1966 194 magno fructu adhibent Algebristae. Cum seper explicati

444 2440 66 72 ia

433 2501 1886 183 compendium ratiocinandi. contineant, quod per Methodum

444 2593 1892 188 paedictam eu jam dictam semper vigorose venificari

450 2740 653 134 manifeste constat.

655 2774 1679 179 sed placet rem in paulo distinctius ostendere

433 2876 1970 191 ro calculo nostro ut Calculi nostri differentialis Algori

418 2962 1987 202 thmus (quem vocant) a me anno 1684 propositus, verissimus

422 3063 1983 181 esse comprobetur. Et primum quod dicitur  Element

508 3203 576 136 Jarum V, esse dd

1224 3156 1132 161 quo sensu intelligi debeat, optime

2127 3259 280 91 tanquam

448 3263 1520 164 intelligetur adhibita recta ad aliam rectam eri e

497 3339 1863 164 axem relata linea aliqua AY velat parabolum ad aliam

773 3395 1630 161 rectam AX tanquam. Axem relata.  Curva st AP

937 3466 1470 155 sit parabola, et assumtis Axis AX sit tangens vertien

946 3554 1198 123 parabolae in vertice A. si AX vocetur X

1138 3602 1254 151 vocetur y, ex et latus rectum sit a
