2242 3749
387 1062 498 93 Jam ex hypothesi est

350 1953 716 81 poncndo c labere recto, sive pro

1060 1243 156 79 Ergo

1075 1939 523 93 ponendo 3ba si sive

781 2020 127 79 Ergo

25 8 1316 112 1. Novembi. 1673. Methodi tangentium iurversae exempta

60 72 1231 113 n superiore onno nihi pro posueram quaestimem quae

1312 87 163 50 sicilm

37 137 1715 117 potest vel ideo quod nnhil conferum methodi hactenus vulgatae: Nimirum quaeritur

464 187 1334 92 curva C(C) in qua intervalla ordinatarum BC, et perpendicularium

464 243 1298 102 ad Curvam, PC, in axe AB (8) sumta, sint ipsis ordinatis BC

456 312 1321 81 reciproce proportionalia. Sit alia recta A Dsad ipsam A Rarem

454 356 1327 102 normalis, inquam ducantur ordniatae CD ita ut ipsae AD abscissae

452 412 1364 108 ex axe (D sitt ipsis BC ordinatis ad axem A BB aequales

420 483 1311 102 erunt et cD o ordmatae ad axem A B aequales ipsis AB

414 547 757 100 abscistis ex axe ABB) Appellemus

1585 566 61 62 et

406 620 1444 88 constat exalibies a me demonstratis ex Om ipsam BD vocemus eo

414 685 777 91 Constat ex alibia me demenstratis, esse

1664 845 157 92 sive

804 914 1037 91 At ex quadraturu

397 987 780 108 p trianguli pates esse

364 1316 602 100 ex quad ratura Parabolae; ergo

1427 999 121 67 Ergo

1060 1066 784 92 ita enim erunt ipsae co ipsis y

375 1141 787 92 reciproce proportionales. Ergo fiet:

756 1195 77 62 jam

700 1203 87 111 rego

1533 687 250 75 qu

962 756 902 93 et ipsam B(B) vocemus Z. Constat

381 849 940 79 ex alibi a me demonistratis: esse

439 918 25 73 2

1400 1243 177 85 +c At

1643 1166 196 60 adeoque

1337 1360 638 102 quae est aequatio explicans

370 1412 1465 120 relationem inter ordinatus et abscissas x, cyrvae quae sitae C(C)

1298 1499 70 38 ua

370 1489 1461 110 jnventam ergo habemus curvam,s quae est oetica et uno verbo

372 1553 974 90 Parabola Cubica, cujus vertex A. et poncuto

368 1616 1601 87 Videbimus ergo an verum sit hoc T heorema sane memorabile:

297 1687 1749 112 in Parabola crebica sunt intercept intervalla perpendicularium

304 1762 1608 93 n ad curvam et ordinatarum ad axem, in axe sunta AB p sumita

302 1822 1477 104 in ipsis iptis ordinatis BC. recipioce proportionalia. Hoc calculus

352 1882 1300 94 tangentium facile ostendet; aequatio Paabolec cubicae:

291 2011 129 119 fiei:

620 2097 207 100 ponendo

1048 2009 804 88 methodo tangentium slusii erit

1102 2072 758 106 intervallo inter tangentem et

341 2161 846 111 Ordmatum in ax:  iam

341 2259 106 86 Ergo

1116 2247 811 108 .sunt ergo ipses a ipsis Y.

337 2361 1059 130 recipince proportionales quod desiderabatur

352 2447 1600 108 Analyseos hujus artificium in eo fuit, quod ex ordinata abscissam

347 2505 1553 108 fecimus; n cujus stratugematis antea non venerat in menteum

116 2578 1628 112 Non est difficilior pauli vitetur quaestio, si quaerantur curva in qua ipsae

308 2630 1506 113 s intermlea ordinatarum et perpendiculaarium sint ipsis AB

277 2693 987 120 abscissis reciproce proportionales. Nmpe

295 2811 98 67 jam

810 2803 119 44 ergo

1575 2699 223 75 et erit:

1262 2759 627 98 tum seo non potest invenii

289 2828 1552 114 nisi ope curvae logarithmicae. Ergo ot figura, equae satis faciat

283 2884 1556 127 est logarithtum s in sebtuplicata ratione logieri chmorum ab

289 2940 1582 132 in qua ordinatae sunt in subduplicata ratione logarithmorum

308 3001 1308 139 ab abscissis; quae figura  est ex numero transcndentium

297 3042 1847 165 At retera difficilior est quaestio, cum quaeritur ut ipsae. AD sint ipsis BC ordinatis

306 3138 1167 131 abscistis reciprore recipiore proportionalis. Nempe

331 3267 48 59 ex

808 3251 44 73 et

1139 3228 98 94 sive

1275 3313 196 84 et fier:

175 3424 1154 114 ponendo ipsas xauthimelicas, cut _ constans  et fiei: _

243 3588 911 90 in quamomentum ordinatarum ex axe, et ab

1525 3209 239 88 sive fier:

1385 3486 536 98 sive quaeritum figura sive

1389 3565 515 104 vertice sive Jam

1902 835 196 85 S summa

1891 887 309 108 differentia

1925 2713 133 96 ve
