2370 3523
307 2329 133 109 Eigo

758 2419 213 72 erunt ipsae

1619 3025 602 86 sed exalio principio novum

99 31 1663 117 sateria contemplationis novae de Centris gravitatis, hoc modo:

575 121 416 78 ymento AE CD in

575 180 335 68 njglibet ex his

1122 105 1152 92 in la infinita AEC ACF ecca resoluto. Invemala

985 162 1326 102 ceutrum gravitatis, quod facile est cum semper centrio

615 219 1604 88 gravitatis Altitudnius parte distet a basi. Ergo cumque via centri

652 285 1643 92 travitatis in distantiam ab axe ducta dem ducta aequetur revolution

656 344 1619 90 lius,  ipsae auter GH in infntascia,  inficulesimas axis in

644 405 1624 90 aequentur dupeo Flo, pates et ipsas AG in ipsas antia rravitut is ipsarum

636 465 1659 92 Tlorum AEC distantias ab axe distanties ductus promento segnanti ex abe aequari

323 512 1990 116 Cujius methodo ope multa statim invenori possunt duplciter: primum, simendo figua

313 575 1962 84 generalem, ex calcilondo, indeterminate, eamque deinde ita sexplicando, ut qu rentrorum grad

336 630 1912 88 facilis habentur inventio, ita delegentur figiu momenta spaturum aliter difficilium.

321 685 1986 76 dende simendo si commarii more per ordinatas quaererentur: Deinde contra sifgru

274 732 2015 82 Viarum communi more facile habentur mopeuta. hac methodo tractentus. veniesu

256 780 2041 89 udcurvas quasdom valde liuplicatas quarum semper dimensio habetitur exfacitioritus

297 841 1937 92 me hic Methodum notaeitem per qu Regulam notabilerus cujm ope

246 902 1986 105 ex qualibes regu Methodo utcunque implicata semper utilia eruuntur

95 962 2182 118 Utile est saepe quando alte assurgunt  problematu, quae sua natura siimplicia

105 1031 2204 119 esse et ut alimode solubilia scimus, ita enm multos delegent cusus notaciles vEve

152 1094 1622 113 quae Tschimhausius annotil de tangentibus li nec Hastariae.

142 1146 2135 122 In problematis; regularibus, uae recta tractari aut ad aequationem un incogi

88 1211 2191 115 satis determinatam revocare possimus quia scilicet faciendum aliquidinverse, ndle est

74 1276 2211 97 est plaures vias inter se conferres quarum producta coincidere debent Uvevidetur

84 1344 1012 106 tad methodum tangentium inversau.

329 1405 756 109 quaeritur figum in qua BB iptis

477 1467 196 85 et erit

354 1679 167 117 ergo

583 1875 128 80 erit

1149 1330 251 75 hc speciiven

1214 1372 441 88 recipiorae, sit

985 1436 536 108 multiplicetur in . fet

1032 1528 117 78 fer 2

1543 1520 157 92 jam e

744 1581 869 98 id est + eut momentum ex axe vertice

771 1653 944 102 momento ex vertice A, omniuus ipsori

787 1726 415 80 Aliunde omnes

855 1775 330 82 C. ad curvas

1850 1372 114 76 erit

1988 1548 246 88 ergo

1233 1722 992 154 FF ad axem aequantur omnibus

1602 1878 225 90 Jam omn

219 1992 153 112 ergo:

293 2094 110 100 Ergo

840 2037 100 74 porro

1854 2123 137 92 Ergo.

315 2595 272 92 Gu ob a

754 2258 74 59 et

393 2659 374 63 invicem independentes

103 2685 637 90 AAcquationes habuimus Grimo

150 3385 75 77 tiet

278 2765 194 69 alteram

297 2837 65 61 ut

654 2935 107 116 Ergo

871 2552 59 56 er

331 3006 452 84 commune est. sed nihil

1032 2348 1296 94 si Jam ponamus ipsas y propessionis trc arithmeticae

1053 2415 721 92 ronstantes, et B variarbiles, et frei.

1349 2610 135 94 Ergo

844 2794 507 90 .quaeramus adhuc aliasque ut

781 2865 108 76 sive

1373 2724 162 70 alteram,

1357 2892 19 45 a

1803 2618 177 108 quasi

2099 2665 210 86 ceritur in y

1688 2804 505 92 seo hoc nihil praebet novi

1651 2879 235 94 Ergo hoc

1232 2961 1008 100 .Quod Theorema sane genctulile omnibus curvis

301 3031 1269 96 habebimus rhevrama    lovi dinetur, quia jam adhislicimus,

280 3111 74 67 et

916 3082 384 69 betur summa omninta

951 3129 57 86 suo

1472 3059 200 101 scilicet:

1124 3129 1163 88 Habemus ergo duas aequationes in quibus reperitur dx

262 3186 2057 86 scilicet primam et tertiam, querum ope tollendo dX. habebimus aequationem, in qua una tantum aq

295 3243 482 90 in cognitarum in vinculo

233 3295 507 83 et nunc a ex 3 erut

238 3346 498 112 tio nem inbo duos ipsiqus

468 3393 180 69 constans, et

1000 3237 1037 64 facto habebrum quaetitum nimirum ex aq. 1. erat

842 3335 777 154 ses se a  n  su sudi

1966 3286 360 84 Habernus ergo aequa

1680 3329 646 74 sumendo y Arithme tice propor tioruale

1702 3374 617 107 Hatemus Ego quaesitum vete.
