2392 3337
101 38 1973 128 rectrema igitur neum est: Ic eaqlibolle Dnobos gra puncta gravibu in

27 122 2029 131 alicujus vectis rectilinei extremitate posita aequilibrium faciunt, si sint

35 190 1982 149 eorum gravitates in ratione composita ex ratione distantiarum e

46 250 2255 152 contro gravium directa, et centro aequiratione distantiarum a centro suspensionis cy con

38 320 2033 163 reciproca Et Hinc corollaria consequiuntur quorum veritas aliundem

38 394 2031 164 comperta est. Nimirum inea p in Lcasu parallelismi linearum

42 454 2021 174 directionis seu communis staticae, cum distantiae a centro gravium sint

53 513 2010 191 infinitae, det inter se aequales (hoc est differentiam habentes differentibus incom

40 596 2001 182 parabilem) restat sola ratio distantiarum a centro suspensionis reciproca

1726 652 170 59 centrum

46 663 2088 189 idem est in casu aequidi stantiae a centro gravium In casu quo punctum suspensionis

148 719 2008 196 i in punctum collocatur in centra gravium oportet gravia esse magnitudine

61 787 2136 191 aequalia, nec momenta quicquam faciunt imo revera puncti suspensionis

695 850 1439 156 nulla amplius ratio habetur; et quantum accedit tar

135 973 970 135 g tunm repellitur

1186 910 933 141 .Est tamen in hoc ex calculo dem

116 1027 1141 181 vando subtilis quaedam difficultas, nam

1331 988 818 107 centrum suspensionis fingamus

131 1027 2008 250 extra centrum giavim poni res non procedit. An ergo dicemus, cum nulla

233 1156 1052 167 ratio cur alibi, potius hic supponi debere.

118 1314 191 87 aliquod

1971 1090 146 81 Axiomi

1394 1129 903 94 Hinc etiam pe exhemosrectae DG non hia

344 1182 1773 201 fermatii non esse verum. Gravia duo aequalia D et Gnon

113 1345 719 125 viesfore nisi medium coru

854 1234 1298 161 incidat in centrum gravium. Nam etsi modo

1552 1318 139 72 lerui

1081 1403 565 106 ubi a punctis abiturq

89 1407 715 139 centrum gravium in rectum

63 1468 1598 198 conatus ad centrum gravrum tendendi non sunt ut gravia

730 1572 419 115 sed puncta cujusque

55 1484 579 114 natur tamen q viescent

1676 1295 352 119 amedente po

1755 1368 332 81 ing

1685 1423 428 100 nec corporu

1188 1475 988 169 momentum ex grueuli thecremate

660 1557 1498 183 Et primum quaerendum momentum rectae et plani et

48 1609 652 139 vires ul magnitudines

159 1694 438 111 asqueri debet.

608 1753 131 69 et

139 1801 619 123 quanquam nec hoc necess

463 1861 204 83 aptet M

802 1712 117 108 adrat

700 1807 203 126 poncent

1075 1666 719 110 cubi, quia his complentur

1817 1622 352 89 aliae figure.

1019 1688 1245 158 tunc tantum rectis, quadratis planis infinite paris opus

914 1759 869 139 recisuoce utansulos modo explicato

213 1913 736 115 t sequitur hobervateu

139 1987 569 109 quam examimemus

1003 1789 1170 170 ptocinatum qua Epistola et ratiocinatio

1082 1946 24 67 s

1012 2031 78 62 eu

159 2033 836 130 Directone ad vectam E, DBA aequales

1164 1853 1018 154 quia si potentiae B et paequales, et angali

1134 1929 1061 143 vis aqualis in oquilibrro seu opposita

1477 1953 805 153 ut ec potelitiae effectus erit inaequalis

2054 2020 148 110 eadem

381 2044 1044 152 C dupla. si brachia naequalia et angali aequales

775 2068 891 158 suppoint prote rea autor noster, si

63 2104 2149 246 sit potentia linea directionis, et centrum lebrae nicil vefere quod sit bradium

53 2170 102 50 at

74 2172 688 104 pt pro majori sradio major.

1781 2191 76 76 A

1572 2191 163 80 in G

1939 2178 271 70 puncuium

356 2219 1138 166 seu per B eodem modo trahi sive in F siveni C)

333 2248 1656 189 ait Rotervallius tacili ab autoribus assumi et ab experientia consiconera

1681 2311 147 100 poten

2037 2256 238 87 reciprocae

1108 2337 1144 162 in lineas directionum ductis fore anquilibrium

480 2350 1005 137 Hiur jam Robervallius probat generaliter

1069 2400 1208 158 .negat hoc principium Robero allii quod potentia

500 2437 599 128 perpendicul aibus ex centro

519 2484 1500 180 eodem modo trahat in G vel C vel F esse verum

521 2526 38 89 F

571 2499 426 107 ermatius (fol.

539 2638 217 90 ignisstma

506 2684 139 206 r

795 2623 50 100 es

782 2669 52 58 eA

1437 2534 780 107 vem euit si gravis inter descem

906 2595 1356 141 potentiae eadem sempe manet linea virectionis ut axes

888 2595 450 94 examinari. fdrtas se

906 2643 1361 158 fix L et M, pe cirea suge centra acti fanibus trahant

1998 2701 199 85 greve

932 2719 1018 143 puncta Bet C, at forte secue in motinibero,

1826 2743 465 132 affixum, ayrando

888 2784 862 132 enim agrentium aliquod tendens ad

888 2845 875 134 circa A, non manes ii recta cM

2160 31 113 74 ve

2143 90 161 50 Theorem

2162 120 140 61 sed malis

2143 157 161 72 tuit calu

2189 205 108 93 quem po

1943 2988 159 120 verte
