4818 4286
328 128 569 242 prop. 20
645 138 1219 252 duo hianguli latera
178 226 1369 328 reliquo sunt majora. Si Hoc demonstat
188 302 1228 407 pallices hoc modo conjangit AC, et AB
145 376 1428 473 in unam rectem in producta CA sumendo Ad -AB
138 440 1271 528 ut ostendat cd essemam ejam CB. a
123 492 1555 590 quod BAd est srihagalum posceles sunt anguli Dut AB
126 552 1352 654 aquales sed angulus CBD est major angalo ABD
140 611 1528 716 ergo et major angulo D qui ipsi ABd ob Triangalum BAd
107 678 1762 778 osofceles est aequalis ergo et subtens. angalo (3d ( in trangulo BCd)
123 745 1590 847 id est CD major est quam subtensa BC subtensa angulo d.
140 809 1540 904 quidam apud veteres hoc demonstraatem Euclidem
109 871 1476 978 peridebant, esse enim inter primas notiones rectam
85 938 1412 1038 esse minimam inter  adem puncta quod
95 990 1290 1121 et assumsit firchimedes. Fatendum est tamen
102 1059 1355 1197 ex aliis rectae notionibus hanc non tam facile
111 1135 1286 1264 demonstruri quod recta bc sit brevissima
2055 1164 2276 1257 putem
111 1188 1333 1331 Et satis Euclidi fui se ostendere quod sit brevior
104 1278 828 1423 quam composita ex rectis
728 1228 2388 1407 se ex iis quae Euclidi visae auxiliares neces qio ut quibu ego caperi possei
250 1354 1331 1473 prop. 27 Ex tribus rectis Mrangulum
88 1416 1245 1569 construere, oportet ante duas quasvis esse
95 1483 1371 1635 ertia majorep mor una anquam basi
90 1550 1331 1702 centris extremis, intervallis duabus eliquis
92 1619 1312 1754 rectis desepticirculi se secabunt in extremo
90 1671 1345 1821 tranguli tertio. appacet etiam hinc duolatea
92 1740 1221 1883 gebere esse 3tio majcha uioqui circuli se
114 1814 1269 1938 non secabunt. Ex hac constructione
107 1859 1283 2009 quoniam construitur hiingulum si semel duo
121 1926 1271 2078 tentio sut majora sequitur satis tibus
111 2021 1245 2150 4 cin tubus quantibulibus a, e C, si una
100 2066 1359 2221 compinatio sit. reliqua qu vilate major etia
102 2138 1321 2285 quam ibit pliam combinationem esse reliqua
114 2200 1390 2335 quantuate majorem Si secundum unum undum
130 2250 1731 2388 sint duo majora tertio, sed non secundum aliam cosubinatione
126 2312 1376 2464 fiet ut circuli si consrnctionemm tentes secundum
128 2385 1378 2519 modm combinationam qua duo latera majora
130 2440 1181 2597 circulus imua aliam includab, non secet.
95 2535 766 2702 prop. ad data rectam
92 2616 797 2747 ditumm in ea pnctue antulum
100 2676 781 2814 recticineum dato aequau
104 2752 702 2866 constituee. Hoc praestut
69 2793 764 2921 Euclides jungulur congruum
71 2847 888 2966 ei quod angulum tatum comprcenti
61 2900 854 3012 ad punctu datu collocando sed quod
69 2950 881 3069 scil hactenus arcubus non voliit uti
71 3009 869 3121 ed sufficit centro c descubi circumfe-
61 3062 847 3174 rentiam circuli qui secet rectam
61 3126 783 3214 in D et ex D sumi crcum
73 3164 778 3278 gueniente DE et juncta CE
66 3214 800 3364 Cut ang. BEC quaesitus
1409 1369 1714 1459 quod sci ABa
1740 1364 2043 1447 BA +AC A Bd+ de
1476 1421 2024 1492 et quod ang. D. major quam A
1457 1464 1969 1547 prolat pnst prus ducendo Bo
1464 1502 1919 1583 id A C osterditur BD+
1431 1533 2364 1628 esse minorem quam E+EC(din BD+PEAEC, quia
1483 1576 2052 1657 relo communi BD est De anetia
1393 1607 2062 1697 similifer BE+EC munor quam BA1B
2107 1554 2355 1664 in sser
1398 1676 1505 1735 quia
1602 1664 1788 1723 comm
1805 1659 1836 1726 C
1895 1628 2374 1721 est phaia quatu BA, AD
1388 1676 2118 1781 Ergo BP1DC minor qui A BA + AC.
2126 1314 2168 1376 e
2129 164 2298 292 Hs
1670 1739 1976 1828 tb sc
2015 1723 2395 1828 Ergos A+Cp b
1412 1807 1781 1897 Ex 1 est a+b-
1812 1792 2012 1892 C+d.
2031 1802 2372 1895 et a + c-
1433 1864 2391 1969 2c+ d-b. debet esse 2c+ d-b
1445 1938 2400 2052 s seu 2C ptasu senca lid p
1555 2038 2310 2135 Ni sib ex tubus minitua
1601 2107 2395 2216 proxima c48) e+ f, maximu
2648 166 3419 307 prop. 7. libri 1. Euclidis
3891 259 4182 383 et Bdis BC)
2564 266 3629 407 super eadem recta  duabus eisdem
3162 345 3203 411 Id
2519 366 3131 469 rectis aliae duae rect
3181 347 3867 478 aquales utraqumque adipsiA
2515 430 3660 542 uteque non constituentur ad aliud atque aliud
2508 502 3710 595 punctum, ad easdem partes, eosemque terminos
2514 569 3731 666 cum duabus initro ductis rectis liners habente
2519 628 3753 728 (aAC (nempe AC et Ad habent eondem termonos
2524 678 3731 781 item eundem terminum A, et BC, Bd eundem B5
2555 733 3686 850 Hoc laborio e Eaclides demonstrat per
2510 795 3667 911 varios casus. sed non erat opus. Repeno
2498 859 3765 971 idem esse ac si diceretur duos circulos, cen unuss,
2495 911 3948 1031 centro A imenvallo Ac alterum centro B intervallo
2505 973 3724 1114 BC, non posse ab uno latere rectae AB
2507 1035 3693 1185 pertentia transeuntis se secare nisi in uno
2507 1109 3660 1233 puncto C, non vero praeterea in alio D,
2505 1173 3717 1314 Et hc quae propositio ab huclidea non
2505 1231 3879 1390 differt nisiverbis. Ex nostra autem propositione
2522 1300 4205 1433 enuntiatione magis quam ex huclidea apparet propo
2503 1359 3832 1497 sitionis momentum. Sed simul apparel demon-
2500 1423 3751 1552 prandi ratio lucidict. Nempe dgo circuli non
2491 1481 3770 1619 opossunt se secare nisi in duobus punctis, quia tubus
2493 1538 3915 1676 punctis datis determinatus est circulus ut dia suo loco
2503 1602 3722 1728 jam duorum punctorr unum est supra infro
2498 1659 3739 1792 alterum intra rectam per centra. Ex iis quae de
2484 1731 3753 1845 nat cum atriaque omnia sint Hs eodem modo
2514 1776 3915 1902 Ergo non nisi unum punctum C esse potest supra AB
2917 1845 3696 1954 si duo Triangula ABCN, dEF
2472 1869 2862 2004 habet ii idum
2867 1900 3915 2014 catera (AB, A) duobus latercbus (DE, E
2479 1969 3658 2076 aequacia futrumu utrumqe utrique ( malim
2472 2031 3672 2147 respondens respondent ut i in praecelenti propo
2462 2097 3655 2226 ptione AB ipsi DE, et AC ipsi DF) habuent
2464 2178 3724 2297 vero et basin basi aequalem (BC ipsi Et) aulum
2474 2240 3603 2388 quoue (ut A vel alium quem cunque) anguto (d)
2467 2323 3705 2450 sub aequalibus sub aequalibus rectis con (AB ipsi de
2464 2400 3658 2514 et AC ipsi DF) contentum anglo (d) aequalem,
2484 2462 3698 2581 habebunt (Eodem modo, angalus B eut aequalis
2450 2523 3727 2652 angulo. F, quia AB, BC ipsis DE, EF respective
2988 2588 3715 2704 Haec propositio ostenditur
2460 2607 2760 2726 aelquales q
2474 2657 3670 2793 per supersositionem sed statiur patet ex nostro
2469 2716 3686 2854 principio generali, quia  unum compunctio
2472 2778 3691 2909 utrobius eadem est cussi deverminatio utrobius
2472 2821 3670 2974 eadem est. Nam ex tubus re determinatio?
2493 2857 3901 3031 utrobius eadem est exre tubus scilices laterbus AB, AC
2464 2933 3620 3088 segynitudine datis, et uno positione
2462 2993 3641 3145 triangulum datum esti cum dati si, magnitus
2474 3047 3596 3212 Maegnitudine ex specir et magnitudine, et
2460 3090 3646 3247 non positione, quia duo trimotula dari possunt
2476 3152 3641 3316 super eadem pasi quia circuli  ex B et C
2445 3196 3877 3381 interoallis datis des cupti se secabunt tam supra BC in A
2474 3304 3091 3428 quam a alicubi infra
2555 3324 3677 3474 pro pe). Angulum datum bifariam secare
2443 3376 3765 3550 facilis est inventio selationis, tantum fe inveniendo
2450 3447 3748 3605 punctum quod utroique ad utrinque se habeat eodem modo
2419 3502 3824 3659 cum cumque ad angulum non refernt magnitudo lateum
2434 3564 3893 3716 ergo sematur in AC, (Si (mare) Ad aequalis ipsi AV
2417 3624 3846 3781 et ex punctis B et, aequalibus intervallis dercupti
2422 3669 4017 3831 circuli secabunt se in puncto quod eodem modo ses habebit
2438 3721 4439 3900 utrirae, inque juncta EA angglum BAD bifniam segabit. Eaclides paulo
3043 3805 3901 3907 construit, sed hoc est facilius
1995 2217 2386 2300 quod aral primum
2000 2264 2364 2340 eina anus ulus D
1987 2316 2353 2385 major angulo 5
1991 2357 2383 2431 intriar et opposito
1998 2414 2372 2478 et similiter angali
2002 2464 2374 2540 major angulo
1991 2497 2381 2583 Ergo D malto mau
1988 2569 2317 2638 A. ccideo
1739 2573 2367 2702 Phuiqus propositione,
1724 2669 2374 2762 nam hinc sequitur repe
1698 2723 2357 2821 titis scilicetrectis ua
1634 2783 2286 2866 ad sastem partes cuvam
1652 2838 2341 2921 sida et curva sumto pro
1667 2881 2333 2976 polygono duas ex duabus
1635 2935 2291 3024 curvis ad easdem purtes
1652 2990 2319 3088 cavis exterioreme esse
1631 3043 2360 3143 majorem. sed distinonus hocnere
1931 3102 2329 3181 retur demonstram
1933 3162 2341 3238 a dragno a bilv
1931 3200 2353 3288 BOC, A BAC, BDC
1914 3259 2353 3340 tnascundo ad rnam
1917 3307 2372 3390 nec ratis sit deion
1993 3357 2350 3443 radi in quitams
1957 3402 2338 3474 in trilatero sic
1979 3452 2291 3516 ABCd AEF
1991 3488 2288 3571 EF productu
2024 3533 2288 3616 et exteniri
1388 3564 1929 3645 AGE N AE At FAdes L
1995 3597 2333 3676 Qo sb et sd
1509 3631 1981 3716 AEFD. sed GBLA)
2064 3664 2124 3705 s
2150 3664 2286 3697 reta
1357 3674 2307 3764 Et est recta et GBC GC .ngoGB eA AGCt
1208 3762 2345 3863 non et imper summa angulorum polyoni interions tirmajo
1445 3724 2329 3809 H) Ergo ABCH P AEFd. videndum an
1911 3366 1945 3454 es
1257 2966 1582 3033 Feadem extrema
1274 3016 1502 3093 habeatibus
4489 250 4588 411 s
