2023 2458
168 79 618 165 Hccepi d 15. danuac.
562 174 1904 290 Vir Maxime Reverende, Faulor Hono–
633 311 917 378 sim
419 630 1833 737 Pandeo E slopum luum otinuisse apud Rostochienses
367 705 1824 815 optoque ut honcre quem aveptuses, dinfruaris, et luo et
364 779 1916 899 publico emslumento, felicibusque novi anni anspiciis maltos
366 871 1577 966 alios adjicias annis, non minus ex voto fluentes
461 935 1897 1054 pro hausmissis sane voctis et lecta dignis, gratias ago
372 1005 1887 1132 atisque animadverso fusse Tibi loquendum cum multis dum
355 1067 1894 1211 sapis cum paucis. Idque prudentes facere possunt nulla
886 1103 943 1149 V
363 1170 1374 1286 Hocatione intemeranda veritalis
434 1248 1923 1366 togo ut quam primum siguifices au has literas acceperi
361 1340 1874 1454 et an porro literas Lipsiam dirigere oporteat vel qu
371 1439 994 1537 ilio acturus sit loco.
527 1476 1783 1616 Ausim a TE netere, ut sequentes libellos in
1219 1559 1243 1597 t
389 1564 1905 1704 iitschiano aliquo satalogo nupero repertos mihi (Sed in
1737 1626 1777 1670 c.
1905 1604 1923 1678 n
381 1680 1002 1773 nomnato) redimas:
464 1705 1879 1842 Notae perpetuae ad ordinationem judicii imperialis aulici e
473 1780 1860 1924 Bittex Reccato Mlagtseauu draaerum Eunstluubvus
550 1891 779 1977 1677. 4
469 1909 1602 2022 burgrunistiat nom Renssadet Ulmi 1709. 4
464 1989 1609 2097 Nomuelle Ecole des Finances. 12. 2 voll. 1709
1779 303 1853 371 2A
1849 87 1957 166 14
