1970 2453
648 218 1595 322 larissime, dimice honoratissime
250 590 892 695 Gratia, Tibi debeo quod
935 605 1704 684 praesensi tanta humanitate
226 675 426 786 affuisti
269 753 295 804 s
350 750 1747 847 Opusculum luum eruditum et elegans remittam
261 835 951 932 per vecturam adinariam
973 829 1067 904 ,si
1101 827 1773 911 ita hubebis addamque Episto.
252 891 1044 1007 lium quale desiderare visus es.
254 1016 1721 1114 libros dostrinae et elegantis siptenos ciberter legenet, et dim iiscret
430 966 1788 1071 Cum oliuq serenissima prussorum, Regina Baylii e
46 1035 1795 1182 e e te  et   on
257 1086 1841 1226 peccati, animadverteret, sententiam meam non raro rogabat
261 1215 796 1313 Ego vero ostendebam.
839 1144 1787 1259 non tantas esse difficultates quantae
256 1286 617 1380 viderentur, et
646 1211 1816 1339 rem omnem (in fallor)  recte eflucide
250 1267 1781 1440 expediri posse. Et fane quae afferebam, non displicebant. It aque
1055 1332 1825 1447 Regina, ut meditationes mtas
257 1381 989 1511 plus semel instabat inclyta
1047 1390 1783 1508 conji erem et fallica quidem
264 1448 1029 1583 eo de argumento in chartam
269 1470 1830 1646 linqua quo ab ipsa et aliis etiam extra Germaniam latinae
1042 1533 1739 1648 (deperam opus, sed mrte
272 1588 1026 1715 minus assuebis legi posset.
265 1603 1764 1781 Reginae filum abruperam. Sed num hac hyeme Beroliui
265 1764 747 1856 agerem, amici qua
760 1670 1743 1823 hus voluntas Reginae nota fuerat,  ut
271 1762 1785 1922 ejus mandatis ex asse patisfacerem, ungre non destitere
860 1853 995 1906 script
284 1832 1717 1991 ita natige est mihi lebalens. Qua si proeto committetetur
250 1984 603 2070 Octava forma
616 1884 1791 2035 justae magnitudinis libellum daret. Vellem
267 1958 1750 2131 autem cypis Batavis edi Gallicum hoc scriptum: ita eni
264 2042 1685 2221 facilius per varias auropae partes ubi linquae ejususus est,
1334 2128 1790 2229 Baglii et Antago.
293 2158 1232 2303 dispergeritur; praesertiur cum copsa
