2436 3878
659 243 2369 402 suffecerit itaque cum quats infinite parva
452 353 2397 527 magna (seu strictius infinita) et infinite parvalseu  notarum
433 448 2310 616 nobis quantitatum infinetsima) dicimus, intelligiea
435 542 2405 719 e indefinite pagua, et indefinite magna parva,
441 622 2345 810 id est tam magna quam quis velit, et tam parva quam
448 710 2416 909 quis velit; ut error quem aliquis assignat, sit dto minoro
444 792 2418 1001 quam quem ipse assignavit.__ Et cum generaliter appareat
450 883 2425 1098 quo ertore utcunque parvo assignato, ostendi posse ad huc min
1970 971 2229 1034 nullum,
461 975 2416 1176 rem essi debere, sequitur errorem esse omnino. Similifere
457 1070 2414 1251 argumentandi genere cum eo quo alicubi utuntur Euclides
421 1154 2423 1372 heodosius, aliique,   quod quibus minificum visum est, tame
433 1258 2395 1460 verissimum negari non potes poturt, at ex eo ipso quod error
1802 1327 2377 1467 Et ita indefinite
441 1374 1750 1553 assumitur, infertur error esse nullus.
985 1471 1114 1538 definit
433 1432 2278 1648 parvum vel magnum, intelligitur non determibatu
439 1529 2338 1721 utcunque  magnum, vel utcunque parvum, quasi
991 1641 1116 1721 eluti
1793 1596 2412 1721 t aliquod altinum
452 1656 1776 1803 ut ita se habeat  quoddam genus non
452 1792 875 1895 in eo genere.
1030 1682 2392 1878 Quod si vero quis rigorose ultimum intelli
461 1775 2403 1986 ioc Et si omnico, ultimum Aut si omnmo ultimum aliquod
441 1850 2390 2079 ault aut faltem aut saltemi rigorose infinitum quis intelligat
452 1943 2410 2171 potest hoc facere, tsi controversiam de realitate  exten
469 2042 2412 2244 senum confinusrum; extensorum aut generatim confinuorum
528 2203 668 2283 Rfiux
696 2152 1422 2270 orum aut infinitePanvoru
508 2135 2323 2324 ifilile parcorum non A infinitrum non defnat, ino
437 2197 2403 2428 etsi talia, impossibilia putet; st ninimum suffecerit enim
689 2363 778 2451 filic
446 2307 2282 2512 in calculo, ad hiberi uti imaginarias radices adabent
441 2384 2423 2593 magno fructu adhibent Algebristae. Cum seper explicato
428 2499 2313 2688 compendium ratiocinandi. contineant, quod per Methodum
435 2598 2332 2785 praedictam em jam dictam semper rigorose venificari
441 2736 1108 2876 manfeste constat.
644 2774 2319 2955 sed placet rem in paulo distinctius ostendere
426 2940 1071 3080 peo calculo nostro
1153 2865 2412 3018 ut Calculi nostri differentialis Algori=-
428 2962 2414 3164 tlimus (quem vocant) a me anno 1684 propositus, verissimus
433 3113 1069 3257 esse comprobetur.
1254 3065 2420 3212 Et primum quod dicitur  Elementu
452 3156 2341 3356 ipsarum , esse , quo sensu intelligi debeat, optime
457 3248 2412 3429 intelligetur adhibita recta ad aliam rectam eni e AX, tanquam
474 3337 2347 3504 axem relata linea aliqua AY, velat parabola ad aliam
754 3397 2410 3556 rectam AX tanquam. Axem relata. _ Curva sut AY
937 3472 2423 3623 sit parabola, et assumtis Axis AX sit tangens vertieis
948 3537 2306 3684 parabolae in vertice A. si A X vocetur x et
972 3602 2401 3753 AY vocetur y, x et latus rectum sit a
