1924 2271
494 29 563 87 s
422 75 472 128 E
540 73 624 137 od
587 97 636 132 e
430 141 535 177 v
580 127 621 189 Ed
535 157 607 194 d
435 165 507 217 Ch
561 185 655 280 si
1308 242 1831 320 inutile des frattions
307 260 1264 369 es
302 305 1877 444 et grandeurs irrationelles, et j'ay decouuerte une Methode generale
305 397 1872 541 pour mener les touchantes des lignes courbes Analytignes on autres
311 468 1752 615 qui a autant d'avantage sur toutes celles qui out este patle
302 577 954 701 publices jusque icy que celte
960 539 1838 637 de Mons. Slusius a sur la methode
315 606 1845 762 de Messicurs Fermat et des Cartes et je trouue a propos de
321 683 1905 846 la publier a cause de la grande Elilite et etendue de cette matiere,
1248 748 1878 856 se a juge estre la plus
320 816 1227 941 que Mons. des Cartes luus meme appee
316 839 1887 996 litile partie da la geometrie, et dont il a sontraitte se plus de veniq
362 918 1853 1074 bout. Mars pour in expliguer netenent et succinctenent je
324 968 1844 1143 suis solige dintroduive de nouneaux caracteres et de leur donner
344 1039 1915 1211 un algorithme nouneaux c'est a dire des regles tontes particulieres
336 1112 1892 1288 pour leur addition sonstraction multiplication, dinision, extraction
334 1188 1846 1360 des racines et solution des equations. Que i'expliguer ay ieis
325 1270 1841 1430 aussi clairement qu'il me sera possible etp de faire en peu
344 1431 532 1500 ilc mots
323 1373 1883 1569 Methode Mons. Fermat a trouue le premiex une Methode
338 1439 1888 1627 de Maxi qui pounvit estre rendue generale, pour menes les divites
374 1510 1854 1690 qui touchent les lignes conbes analytiques. Mous. des Cartes a
354 1573 1889 1752 sy est pris dun autre biais, mais le caleul qu'il prescrit est un peu
357 1628 1873 1804 prolixe. Mons. Hudde a trouue un Atrege merveilleux eu multiptiant les
373 1691 1863 1864 termes de l'equation par celles de la progre ssion arithumretiqus
340 1746 1883 1920 il ne l'a publie que pour les os equations d'une sente inconnue:
650 1881 728 1926 lac
357 1815 1833 1984 quoxque qui il age eu pour clle celles de deux interminees
366 1959 703 2041 indetermintes
830 1878 1886 2008 est donc a Mons. Slusius que  le publac
369 1950 1889 2098 en est oblige. Mais tontes ces Met et apres celque plusieurae, out crum
1339 1995 1751 2066 es methodes publices
378 2018 1896 2166 que cette matiere estoit epuisee mais toutes tupposent que lequation
1223 2083 1547 2139 je parte, de celles
166 2095 1896 2267 eou et purgee des quandens fractions et irrationelles dans lesquelles les
