2435 3866
517 231 2269 429 Hinc Cartesins aliquando in Epistolis observavit
311 339 2230 543 Archimedemveleashsicie qui ope talium
281 435 2318 633 netionum sua pleraque ad invenisse videtur, etsi fortasse ad calculum
281 605 1005 734 a nostro more non
532 607 2342 788 Et certe Archinedem et qui ei praeluxisse videtur Cononem
305 685 2316 878 ope talium notionum sua illa pulcherrima theoremata invenisse
292 743 2331 970 credibile est, quae demonstrationibus ad absurdum deducentibus evicere
294 811 2349 1050 quacs quibus simul et secu ceullici certitudinem manifestubam
298 908 2278 1129 et artem occulebant. Unde eleganter alicubi notavit Cartesius
296 998 2293 1222 Archimedem velut Metaphysicam quandam exercuisse inGeomespia
335 1061 2349 1288 Caramull, Meta Teometricam appellaret) queesecnt _ dominam
408 1252 657 1329 cujus ar
290 1146 2351 1406 aere  nostris vix quisquam veferum fsi quadratriciiautores
290 1241 2359 1481 Csi ad (demtis quadratricum traclatoribus) promovit; nostro tempore
311 1316 2177 1561 Cavallerius ae Methodum Archimedeam resuscitavit, aliisque
285 1402 2286 1643 longius eundi odeasionem dedit. Et sane ipse Cartesius, cum
266 1456 2293 1743 tangentes  ecleidis alicubi finxit Cglo  circulum esse
303 1561 2265 1812 potu gonum regulare infinitorum laterum, eaque ratiocinatione ad
296 1623 2260 1892 usus est, cum de Cycloide aegeret; et Hugenius, la caliius
307 1703 2329 1990 ipse e in opere de pendulo, cum soleret sua confirmare rigorosis
277 1801 2297 2061 demonstrationibus nonnunquam tamen vitandae, prolixitatis causa
292 1866 2338 2122 infinite parva adhibuit; quod ebiam nusserrime, Cl. Lahirius fecit
444 1952 2344 2220 sed ae interim an status ille transitioni emonen
1785 2117 2353 2248 in sensu ergoroso
30 2044 2329 2317 tanea, ab inae qualitate ad aequalitatem, a motu ad quietem, a con-
285 2169 1740 2394 vergentia ad amtot parallelismum, qui serlice
999 2283 1175 2353 ri que
281 2201 2258 2476 ac metaphyfico lcalleat, seu an quantitates infinitae, et
287 2295 2357 2558 extensiones infinitae atque insi alia aliis majores aut infinite parvo
1788 2360 2271 2506 in dubium
296 2422 1725 2646 aliae aliis minores, sint reales. fateor posse
292 2459 2291 2727 vocari: et el qui haec discatere velit, delabi in controversias
290 2560 2179 2815 Metaphysicas de compositione continui. a qu a quibus
1689 2609 2293 2753 necesse. Itaque
275 2716 1579 2895 veteres gometricas dependere non
294 2869 532 3017 iufficeie
571 2710 2325 2968 sufficeret ergo pro indeficitis quantitatibus infinite
1151 2781 2321 2974 o(seu infinitis absolute dictis) et iudefi
294 2905 1209 3090 magnis infinite magnis ete
279 2880 2303 3144 mise parvis Equidem illud certum est posse aliquo modo concipe
294 2951 2364 3225 lineam aet  interminatam, veluti si rectam diras locum omnium
283 3024 2355 3305 punetorum ita sitorum, et pastr pun sui ad duo puncta
290 3101 2359 3382 data situs unicerum. ea recta utique erit D dato interminata
283 3213 1856 3442 sed an vere unum totum sit, dabitari potest CCC
303 3247 2293 3535 sedeaee et ei si ab una parte interminata sit posse aliquid
552 3322 2340 3571 sed an sit Recta hujus modi inter  unum totum sit
30 3494 496 3634 fringsteruminatum, ad jici.
558 3526 797 3603 in compus
309 3408 2267 3702 quale incelencum referri potest, seu an possit r
143 3500 2394 3771 duocari inter quantitates, quibus in aestimando uti liceat, alio quaestio est
350 3627 1792 3803 quam hoc loco discatere non est necesse.
