2411 3612
164 93 435 175 14 Xb. 1675
864 99 1716 186 De exseione spatisrum in supert
957 154 2006 258 detate planie quae simitrexum expensone
1061 220 2107 313 De figuris planis quae siunt ex figurs, in superfic
1084 276 2184 373 cylimmia descriptis cylinirifermi descriptarum.
1186 335 2238 435 superficies cylindriformis qu est quae sit recta
1198 391 2220 469 peri curdem in uno plano positam ducta i
1175 439 1411 535 ad planum
1656 439 2280 529 Quae recta si inter describendum
1210 499 2258 579 varie crescere aut decrescere intelligatur; fiet
1212 551 2362 654 figura in superficie cyliudris descripta, seu superficies
1212 612 2354 710 cylindriformis truncata. Quam po cin semper
1188 672 1887 762 platia aequalis exhiberi potest,
1917 688 2194 768 Heci modo:
1200 728 2318 836 sitcurva quaecunque CfC.) sit  axis ad quam per
1148 802 2304 894 ordinatas BC cuiva ((C) atferaturcognita relatione
1150 858 1379 935 ejarum AB
1417 866 2340 957 adipsas BC. ser punctum A trauseat Axis
1094 941 1290 1019 lonjugatus
1306 911 1369 973 i
1441 921 1465 973 s
1326 935 2316 1029 et sumto in axe puncto D fucatur per ipsum axi
1083 995 1288 1065 conjugato
1341 999 2308 1083 AT parallela DB sumtis punctisp sumta
1086 1053 2320 1133 intelliguntur puncta F. B. hoc modo ut juncta FCD sit
1084 1093 1443 1179 tangens curvae in 6.
180 1125 1102 1220 in directum, translata scilicet in BE. c
1513 1101 2360 1201 rs quae jam ponatur ipsi BC ordinat
1182 1171 1274 1244 sa
1296 1161 2330 1250 A D, ipsi curvae in C. noconaliter insistat
190 1183 1094 1284 situ ad ejus planum normali, idque in quibuslic
1132 1218 1172 1284 t
1184 1226 1351 1302 punctis
210 1242 650 1326 factum intelligatur
686 1254 919 1330 hanglatis
1389 1214 1459 1320 Est
1465 1220 2364 1312 sumtis temper pro arbitrio punctis D(D)
949 1270 1005 1340 sis
1033 1266 1112 1344 (D
234 1308 905 1398 semper  Erit spatium plB
1349 1284 1399 1372 (E
1481 1280 2250 1374 et AD impositis in Cui. Er
957 1330 1065 1410 EB
246 1384 2043 1500 impositis factae aequale: _ Facto venim Trianguto characteristico GIVL.
1164 1344 2362 1444 (E)E; superficiei cylindrifaermi ex omnibus AD cuae
289 1438 1258 1543 FD ad AD, ut GL ad GV. adeoque
2081 1420 2220 1498 eris
287 1502 2334 1615 aequabitur  B in GV, id est BE appatae p Axem. Adeoque summa omnim
1417 1509 1497 1567 ta
1475 1474 2320 1557 hi GL, id est AD. imposita curvae
281 1563 2354 1687 Ad ad curvam, aequalitu summae omni seu superficies cylindriformis, aequabitur  summ
38 1631 614 1758 onatum euvoa eses sitingere
708 1639 917 1735 qxem seu
1013 1643 1355 1751 atio EB (3) (E)8
335 1697 2338 1816 Jam superficis cylindrica ita explanetur, ut coincidnt plano curvae, et ut, cura prio unc
309 1761 2250 1872 coincidat axi. Sive ut posito puncto c fili curorAC (() respoudentis  B pui
319 1828 2266 1928 extensione facti; in A. punctum atterum (C) eadut in Nec Feet ta suprficies
307 1874 1059 1966 cylindriformis extendatur in spatium
1053 1882 1166 1928 plamin
1186 1898 2316 2010 166)(1) H cumpleatur rectangulum. Expunctis
295 1936 935 2026 H Axis parte F (F) cujus ig
873 1964 2316 2066 Curvae H ()  cujus non est nota nobis natura, et
1118 1916 1164 2002 unt
297 2004 1881 2107 duabus rectis, datis FH. (+) (11) quae ipsis AD, A (1) sunt aequales
293 2056 929 2137 H. (H) ducantur ordinatae
967 2076 1088 2137 StA
1955 2040 2230 2113 Ex punctis
1162 2072 2322 2171 (41) (N) in axem conjugatum AF N. Ex Satis ergo AN
293 2115 2320 2235 sive FH, sive AD, quaeruntur ipse NF. et stt uti iis quae dixi, reliqua quaeruntur
297 2175 2250 2283 Patet autem ex data spati EB (B) (E) E dimensione etiam spatii HF(F) ()  dari
303 2237 1624 2329 dimensionem, Quod si ergo constet nnta de natura arvae H
303 2299 1597 2385 iis quae quadrari possunt, (absolute vel Hyporhetice
1754 2263 2270 2351 et sit, ipsa una ex
1670 2311 2326 2422 id est in quibus ex data Rectanus
289 2355 2304 2462 abscissa ex ordinata datur area; tunc ex data spata EB()() E. id est spatio (H F CC) (A) K
279 2422 2254 2510 dabi, quonim jum datur abscissa ex axe conjugato ANp) AD. dabitur etiam recta AF
283 2480 2318 2572 seu longitudo curvae C (C). Et vicissim ex data longitudine curae, _ et natura figurae H (t
287 2544 2071 2628 si modo quod ex Analyticarum quadrabitium ea numero est,  dabitur spatium
2115 2540 2182 2638 M.
299 2598 2294 2692 Hinc jam usum hunc duco;  quoniani ipsae AD, infinitis modis sic possum
301 2666 2230 2751 assumi pro arbitrio, ut constet de natur a curvae AB1), infinita etiam patia
315 2721 2236 2825 EB(B) ( inter se diversa, enque omnia Mmalytica obtineri posse, quorum quadratura
303 2773 2286 2889 exsu invice, ex solius curvae dimensione adeoque exse invicem depentas. Adeoque hoc
289 2843 2270 2951 modo data qualibet curva in finitae habebuntur figurae ipsi symmetae ac pro inde
299 2901 2248 3012 et inter se. Sylloga voco, quarum ex ro in uno noto aliud notum est.
295 2957 2270 3080 Si Atq ita longe major aperitur inveniendi caugrus, quam si AD certo modo
307 3020 2266 3134 atque dita puntis, ut fi omnia BE, omnibus BC sylloqa sint, potest, ut
313 3084 2202 3182 obtre obiter dicam ficri, ut dluo quaedam inter se no- sins syllogaue siit tamen
323 3130 2150 3248 tertio; it est ut adatis opus st,. duobus opus sit ad certium ex ipsis habendum
313 3196 2190 3308 Posses syndata appellare,; quorum pluribus pts datri danto uno daritur lingula
307 3240 2282 3349 datur reliquun. Datu lantem intelligenda erunt non positione, sed retatione sive descriptione
311 3294 2268 3435 sed relatione sive ratine,  ct schesi sosses et 6vyrcorae optine appleare
1844 172 2366 264 stimtensione curvarum
2197 290 2364 373 s seat
2197 350 2370 435 tiam
1787 112 2350 184 De expausiono superficieru
2095 148 2372 226 miuu pro
2314 248 2362 303 d
2045 3401 2162 3493 2
499 89 863 162 Nihil hinc ductum
537 176 667 219 d
590 132 782 198 .
