2390 3346
364 44 965 144 Allera schede
1004 57 2185 154 mectu, ex cerplorum ex posthumis
2157 92 2302 210 Enat
202 141 2027 263 porismatum Eacldaeorum Renovata doctrina su forma sagoges
65 239 2144 336 pori sinata nihil aliud esse videntur quam po canones, seu publemata cum solutione
79 308 2172 407 sua Theorematue exposita. Quisumnit pappus ex seu tentra uniorum Geometragus
79 373 2114 466 Hypothesi deficere a theoremate locali. id sane totam is (inquit permatius,
85 433 2168 537 perisnatis naturam specifice revelat, neque alio fere auxilio quam eo quod haec
72 487 2105 602 verba sub ministrant, hujusce abdita materio penetravimus f ad sic intelliu.
79 552 2105 652 cum locum investigamus lineam inquirimus sed cum ex supposito loco alium eoerem
83 592 2038 717 venamur (+ qui cam priore aliqud ffctat, unde res delemiuntur ad cas
1804 659 2181 739 ocu si quaeratur
79 659 1753 795 costrattionem certam ) aobus ille locus voratur porisma. V. g.
120 697 2120 838 curva cujus ea sit proprietas, ut ex quolibe ejus puncto in jectam datam magnitutine
109 749 2125 908 positione et magnitudine demittendo normalem, sit quaxratum nomalis, vecte
63 799 2127 972 facto ex recta sermentis aequare; is ocus est circuli circumferentia, sed ope hujus loci
66 853 2118 1022 postea alia loca invenire possumus, seu invenire circulum esse locum dim in ali
74 907 2116 1093 aliis modis plurimis. Emendat ibi pappi quendom locum ex groco eodice male
63 977 2079 1148 acceptus a latino interprete., ubi pro arExia cor ut legisse
119 1044 2092 1208 videtur interpites lega osnnotat in Mis esse +ПExXscor FHs
1696 1117 2124 1210 et Do natura
92 1143 1513 1293 ПCx1R H П)oV I4s Qv6Eeds SapE XopEr H
96 1189 2177 1347 infiuitam mullitudine suppeditante; sibidem p per ia Ver rutellu
92 1256 2280 1414 pr TCBAHMascot Vercor unigividetur parpus intelligere problemato
102 1323 2150 1479 specialia, et su orineratia seu indeterminata ax locos. + porisma
115 1366 2267 1555 quintum Fermatiroblematiae coceptum est ato circulo quaerantur duo puncta n.o
65 1431 2239 1622 a quibus si inflectatur quavis adtrium erentiam recta, (seu si ab a duobus oit
1037 1501 2150 1609 adididem punctu + circumferentiae) sint
334 1546 978 1678 stis ducalitu  rect
1076 1583 1220 1635 num jagi
1897 1611 1984 1652 umla
33 1633 280 1743 quad
319 1552 2337 1726 ex dianultio datare ande ab extre nitalibus diametio sabita demili diametri Ret
37 1697 267 1797 abscu
615 1648 1220 1745 ex. simper ab extremflatis
63 1617 2081 1831 usque ad secantesunam ex duabus rectis poximis arti sumtarum
72 1699 1858 1894 semper in ratione datu ad Tansulum EfC. Eta. Quod pet
1106 1760 1826 1875 (+verum ita puctum O sami po
96 1858 379 1962 si fiat A.
420 1814 1028 1923 ad 7 d in rave data
100 1831 1804 2015 puo arbilrio. Juterum quic quod sit hinc patet modus inveniendi porismata
81 1879 1815 2068 nempe assumto circulo tunquam dato quaeratur aliquod circa ipsam
70 1929 1874 2135 problemer Thuius solatio dabit hujus solutio prit porisma, quae enum ubie
1439 2041 1908 2135 subjicit inventioni
92 1981 1932 2210 si cic ipsam naturam lineae seu circulu dissimules prosblema eut localer
106 2074 1396 2265 paru ut ex fumcrum Ged Porro Femati
65 2089 1921 2325 periscuatum pondeee methodum esx puriori analiysi derivandam, cojus
117 2141 1913 2381 ope et poscta quinque porisinata & plurima alia construxent et hes
66 2204 1964 2442 libros Eoclidis, seud si doctis placeat restituere speret, et porismata
74 2344 1067 2490 etiam pro comsectionibus condere
184 2312 1900 2539 sequuntur Epistosae Fermatii. simbit Mersenno id quod
79 2368 1939 2602 sumfet Archimedes. brachia aequalia otiam Horizenti non parallela
61 2423 2027 2660 in aquilibrio fore pondere existente aequali, non ect rigorose verum. nempe
63 2479 2014 2712 cum directiones gravium non parillela sunt sed cendunt ad centru gravian
76 2542 2084 2751 soie les centre de luteare A, le gruve E an point E et le point N dans la super ficre on arteis
46 2613 2045 2818 plus elorgne du centre que le point E, je ne dis pas que le poids E pese moius en E queu N
57 2676 1999 2873 mars que la forre en N parle moyen de la Bglance le refiendra plus arsement
68 2743 1969 2929 le principe que . de Fermat demande nour es la Geostatiue est pae si deux pords egaux
53 2788 2008 2977 sont jorints par une ligne dioite ferme et desou sans soids et qu'ainsi disposes;ls
57 2860 1952 3015 puissent descendre librement, ils ne reposeront iamais jusqu'a ce, que le mitieu
63 2918 1923 3059 tella igne s'unisse an centre commun deschoses pesantes. Tteorem a Fer.
65 2968 1893 3121 mati talo. Aceulugraom, seu Terro erunt F et M corpora in aiqui librio quando
55 3026 1800 3174 quando arcus seu distantiae. Oectis Crscularis reciproce ab corpra seu FH: MH:i M. F
68 3072 1874 3221 aisum tractatum Ferm asi it dippatis an de Gpostaticis non reperitide reliquo pulo
130 3186 148 3242 t
1357 3234 1395 3297 i
2161 3117 2246 3224 Itu
