3303 4765
113 135 1687 262 quia quatoTubus inExperitmento Torricelliano
111 227 1774 354 est plenus, ideo quanto altior est lapsus, seu major compressio
137 317 1798 431 tanto etiam fortius est plus est Mercuri comprimentis.
132 391 1642 510 quam rationem verissimam esse hoc experimento
132 463 1814 603 confirmari potest. a Mercu si Tubus Mercur
158 553 1697 685 ABMercurio plenus non sit ex majore altitudine
169 635 1870 778 ercurius suspensus manebit, et tanto quidem a latere A
124 701 1734 849 sit vero a la in A invertendus plenus non sit
121 767 1787 939 sed habeatque Mercurium in fundo versus B. spatio vacuo
172 862 1671 1027 (id est alie) ex istente Esto Tubus AB. apertus in
145 950 1899 1101 sed firmabilis in A claudibilis in A. infundatur ei Mercurius
111 1029 1772 1196 per orificium B. ita tamen ut non perveniat usque ad
103 1119 1846 1275 A sed inter A. et Mercurium maneat spatium Mercurio
108 1196 1697 1358 vacuum seu aere plenum, claudatur apertura A.
119 1283 1647 1434 Tubusque statuatur erectus in vase C. orificio
92 1358 1790 1535 B deorsum verso. Mercurius non effluet Mercurius suspensus
121 1458 1679 1590 manebit ultra altitudinem consuetam altitudine
98 1543 1763 1670 tanta, quanta est spatii in Tubo Vacui relicti. Hujus
145 1630 1748 1765 Experimenti manifesta ratio est. Nam si Tubus esset
111 1678 2958 1879 lenus Mercurius fuisset depressus ad altitudinem consuetam, seu aer compressus ad gradu solitum
121 1805 2034 1943 ergo pam non sit plenus tantum aberit ab aer compressione
127 1871 1676 2019 pressione, quantum esplponderis plenitudini
137 1940 1854 2109 quantum ponderis abest minus pleno, ergo tanto amplius
135 2027 1711 2183 virium minus vincetur ejus resistentia, quantum Tubo
164 2104 1732 2260 ponderis deest, ac proinde tantum pondus ultra solitum
145 2178 1703 2332 sustinebit, quantum deest Tubo Quod si Mercurius
135 2268 1676 2408 Tubo A. immissus sit usque ad A a Catere A.
148 2334 1711 2512 non vero a latere B. aut in medio npositus neque
119 2409 1743 2581 latus A. neque latus B attingat, eadem regula manct
108 2514 1726 2660 perinde enim est ac si BI abscrndature seu
119 2583 1713 2750 abscindatur, nihil enim confert descendetque Mercurius
156 2678 1650 2819 per altitudinem tantam Ut Hi eadem evenient ut
137 2761 1724 2898 in Tubo Torricelliano ordinario, si modo IB abscissum
158 2848 1701 2980 fingas, Mercurius scilicet eousque delabetur, donec
150 2930 1660 3054 27 pollices ultra I. emineant. Unde si totus
352 3017 482 3076 non h
121 3007 1668 3152 Mercurius  sit 27. vel 30) pollicibus
129 3107 935 3216 nihil delabetur in Tubo.
1176 3099 1700 3216 Quod si Mercurius
164 3181 1718 3316 in pedio pendeat inter A et B. et nec A. nec
137 3256 1671 3409 B. attingat ut Mi. fingendum est ra AM.
135 3359 1711 3502 infra 1B. esse abscissa;  et in genere semper
140 3425 1726 3571 cogitandum, quasi Tubus tantae esset longitudini solum
148 3494 1713 3637 quanta a Mercurio mipletur, ita semper ex illa
161 3568 1734 3714 longitudine ut MI. descendet quicquid
143 3647 1705 3785 in ea est ultra illos 27 pollices, residum  Tubo
143 3714 1801 3875 ulu infra I descendet e etsi ob Tubi longitudinem
140 3814 1798 3949 ad fundum B pervenire non possit. Ita Mercurium
137 3888 1623 4026 etiam ab aere non purgatum
129 3962 1668 4100 vel ex summo Tubo vel inter duos aeres
119 4034 1740 4177 pendulum habebimus nec opus erit ad Baroscopium
116 4129 606 4269 vase subjecto.
739 4129 1737 4243 Eadem omnia evenient si Tubus
135 4214 1740 4330 simplex utrinque clausus cui aliquid Mercurii immissum
124 4288 1734 4415 sit sumatur. Nihil enim refert Tubus AB ipse, aut vas
119 4365 1862 4479 D. in quod orificium ejus apertum B. desinit, Sit clausum
143 4431 1671 4555 semper enim in spatio Tubi a Mercurio impleto non
137 4516 1695 4643 nisi 27 (30) pollices remanebunt. Hinc Mercurius
1920 397 2039 566 Exp
2103 426 2137 555 3
1777 2175 2066 2334 Exp. 14.
1803 2422 2500 2535 A1. lc in
1856 2819 2119 2938 infra
1840 2945 2063 3085 Exp. 15
1851 3118 2073 3213 Ex p. 16.
1851 3179 2013 3253 tt
1787 4137 1991 4254 Exp. 1.
1764 4521 1997 4629 ap. 18.
2823 4550 2973 4642 10n
