3293 4800
130 149 1643 280 descendentem non ultra descendere, quam Materiam
128 237 1635 370 subtilem, (sive aerem, sive aliud nescro quid) tendere
120 320 1705 450 seu dilatare possit. Eam enim ulteriori dilatationi
120 410 1686 520 rehiti ac proinde Mercurium amplius non descendere
114 498 178 562 at
136 464 1694 621 augeri descensum seu suspensit ee eandem tubus
170 544 1657 688 ab ultra imum pro Tubi aucto,
160 629 1651 786 suspentionem ultra pertem residuam et
165 698 1670 866 vel 30 pollices infimos Mercurii supensi semper
90 765 1667 944 seulocum Mercurii nondum delapsi infimos, 30 pollices
149 837 1686 1005 continentem reliquis delapgata semper summos 30
146 904 1609 1088 Mercurii pollices retinere quia
154 976 1710 1165 si altior tubusa proinde major spatii relicti tensio
144 1048 1777 1232 etiam fortius majus est pondus Mercurii tendentis seu dela–
160 1133 1625 1312 bentis, quod spatium lapsus impleverat.
160 1218 1763 1405 Haec sententa a multis cum plausu recepta est. Rationem
162 1306 1707 1469 enim reddere potest  phaenomenorum, ut quod
165 1386 1771 1557 in alto monte montis vertice minor Baroscopii altitudo
181 1466 1662 1632 quia non tantum aer intus tensus retinet sed et
186 1536 1675 1696 aer in alto extrorsum tensior attrahit. Unde
170 1674 1886 1858 Magdeburgi cos plane descendat, quia aer ipseRecipientis
186 1765 1892 1949 quippe fortissime tensus extrahat. Et quodt Boylio et
186 1845 1697 2021 videtur dilatationem esse aeri naturalem, solam
189 1922 1665 2093 compressionem violentam; dilatatumque et ubi non
170 2002 1715 2168 comprimatur, apsum sponte dilatare sese, ut vesica
176 2077 1627 2245 flaccida in montis verticem portata, e aut in
184 2136 1817 2317 Recipientem exhaustum missa, ibique se inflante pateat
200 2240 1635 2381 id Tensionis sectatores ita solvunt; non
192 2280 1913 2461 minus ifla  vesicum, si t ab omni parte aequaliter
176 2378 1894 2541 tendatur, quam si intus ab omni parte prematur.
234 2453 1859 2613 At hanc controversiam quae magni in tota natura momenti
178 2546 1702 2698 est, dirimendam excogitavi Experimentum xquod
186 2637 1670 2760 mihi demonstrandi vim habere videtur, ita ut, nunc
589 2709 781 2784 mriua
200 2706 1609 2864 auferatur in aer extra Tutum Torricellianum
226 2792 1713 2938 pressio, relicta intus tensione, nunc contra auferatur
218 2866 1689 3002 vel minuptur densim in Tubo, relicta pressione extra
384 2952 539 3021 iveniaque
168 2933 1734 3077 Tubum Esto Tubus Torricellianus abNam sipressione
178 3016 1681 3149 minuta nulla substituta tensione contraria, relicta
170 3085 1777 3224 Esto Tubus Torricellianus, ab vas liquoris stagnantis
170 3160 1792 3296 ei subjectum C. totum inclusum Vasi clauso D
176 3242 1659 3381 aere pleno D AMercurio delapso ex .
184 3330 1670 3453 in altitudinem, ordinariam, introduca tur  novus aer
162 3397 1713 3544 in vas D ita ut aer p in ex incipiat
192 3477 1681 3621 nonnihil esse compressus, constat altius assurgere
178 3549 1731 3682 Mercurium in Tubo Torricelliano v.g. in F. Haec con–
186 3621 1558 3762 rsed nonnihil compresso pleno, ita ut
194 3690 1622 3837 aere pleno. Delabatur Mercurius ad altitudinem
189 3776 1574 3906 ordinariam BE. Quo facto exsententia eorum
157 3834 1657 3984 qui taniculum probant, Tensione materiae tenuis
176 3920 2420 4061 in spatio EA. remanentis, nec dilatationem majorem, ac proinde nec descensum ulteriorem
152 3986 1697 4128 ferentis suspendetur Mercurius in altitudineBE.
152 4056 1665 4208 Aperiatur ergo Epistomium in A. dabiturque aeri
176 4133 1750 4274 litero aditus, ac proinde aer in AE. tensus esse desinet
165 4216 1783 4349 Eventus jam controversiae decisionem dabit, nam si
146 4285 1689 4418 Tensio Mercurium suspendit, cessante Tensione, Mercurius
2457 4432 2556 4472 ouco
2617 4402 2719 4482 vas
157 4362 1705 4496 ex BE. in vas subjectum delabetur. Quod si ais
162 4442 2716 4581 delabi non posse quia aersubjectus in vase clauso D. delabente Mercurio ex BE. in C
205 4525 1857 4666 exitum non reperiat sed comprimi deberet, negas vero
1980 1743 2390 1860 Pascalio e
2001 2192 2508 2305 seu Attractionis
2097 2311 3159 2410 putant enim aerem summumquanto
2077 2368 3111 2477 est altior tanto magis esse tensum
2124 2434 3194 2530 Uti finis in summo alligatus pondere sui
2644 2496 3242 2597 ipsius distenditur. Nam
2647 2554 3151 2653 et aerem summum
2644 2613 3239 2706 velut alligattu m ginaus
2657 2674 3183 2754 ne descendere possit
2652 2717 3223 2813 locum scilicet vacuum
2692 2786 3178 2880 aliaquin relicturus
2657 2832 3175 2942 sibi imaginantur
1773 3643 3060 3762 Tubus A promineat nonnihil ex Vase D. commissuris
1782 3736 3042 3834 tamen bi exit ita munitis; ut deo externus
1798 3813 3066 3898 intrare non possit. Et sit in A Epistomium
1771 3869 2874 3973 cujus ope Tubus AB possit claudi et aperiri
1801 4188 3084 4309 sin n suspensus manebit Funiculus susti
1881 4282 2412 4384 neri non potest.
