4893 4231
1507 49 2355 141 cuius ter non considerantur, ita secetu
1716 47 1784 105 ma
825 110 874 216 1
912 117 2351 218 Si spatium non aliquod non consideratis _ extremis jos habint
785 188 2358 296 ante divisiimem ita s dic divisum sit, ut sectio eodem modo
818 258 2355 397 se, habeat ad sigmenta non consideratis extremis quae erant ante
822 354 1387 465 Sectio prit planum
825 380 2403 540 (2). Itaque si duo segmenta sint 5 et E et planum se caus p
829 465 2365 604 et in s sumatur, A, poterit in E sumi B dle punctum B tale,
717 566 1488 688 ut sit e A. P ∞ B. P. seu ut
822 585 2327 780 3) D quodvis punctum quod eodem modo e habent
1862 684 2311 780 .Nam planum
841 712 1808 865 s ad A et ad B cadit in planum.
841 742 2381 949 fit secando spatium interminatum. _ in quo sunt punctas
860 832 2395 1006 omnia, itaque omne punctum cadet aut in altentium segnentu
855 895 2311 1062 aut in planum.  si in planum cadit habemus
884 959 2360 1140 quaesitum. sin cadit et in alterutium segmentur
874 1036 2313 1215 non eodem modo se habet ad A  cum plano
844 1095 2344 1290 quo ad B cum plano, est enim ab ea parte plani, a qua
853 1149 2358 1342 est  non ab alia, sed quicquid non eodem modo se habet
822 1212 2367 1424 ad A cum eo quod eode, modo se habet ad A et B, quo ad A B
822 1288 2386 1480 cum eo quod eodem modo se habet ad A et A; id utius non eodem
818 1393 1859 1565 modo se habet ad A et B, contin ys
1598 1429 2170 1530 Cujus te extrema non considerantur
832 1454 2355 1635 ( planum est si planum seretur a in duo segmenta
837 1523 2360 1715 eodem modo se habentia ad sectionem. Sectio evit recta
825 1593 2379 1809 (5) itaque si in plano sumatur pun suno segmento ermali
858 1652 2377 1899 punctum A, in alio sumi pe B, sic ut planum eodem modo
902 1807 1493 1953 se habeat ad A et B
822 1906 891 2030 5
921 1821 2332 2023 Omne planua punctum plani qquod eodem modo
947 1896 2334 2113 de habet ad A et B, sad et in rectam planum
867 1960 2311 2195 secantem eodem modo se habentem ad A es B
848 2066 1970 2258 eodem modo demonstratur ut prop. 3.
1041 2122 2318 2350 Ex his duci possurt Etementu plani, ut non
851 2310 1274 2446 sit opus solido
996 2310 2306 2512 Ostendendum tamin prius est, omnem rectam
834 2395 2290 2597 cujus puncta duo sunt in plano esse in plano
804 2543 1130 2686 H oc posito
1025 2533 2229 2717 Hue possito omnia Elementa plan
851 2696 1300 2804 tradi possunt
1469 2613 2311 2752 duo igitur tantum assum
855 2771 1180 2865 oporlet
1528 2689 2318 2825 Rectam eodem sectionem
858 2766 2341 2949 plani in duo segmenta eodem modo se habentia
874 2851 2301 3036 ad sectionem esse rectam; et rectam, cujus
886 2902 2339 3093 duo puncta in plano sunt in eodem plano esse
862 2994 2360 3180 et  hinc absolvi poterunt Elementas plani. Non
813 3062 2316 3239 hinc sequitur et circulum esse in plano modo
895 3156 2158 3309 Centrum et radii extremum sit in plano
820 3224 884 3354 C
980 3213 2285 3375 sit rectar transeans per duo plani  puncta, B,
808 3271 2393 3455 sit aliud planum d quod  secet recta E plana autem A et d
834 3349 2384 3507 sibi occurrunt et sectio eorum communis est recta p hoc demon-
848 3413 2391 3563 strandum) ergo puncta et puncta  et B sunt in sectione communi
848 3525 900 3589 um
827 3476 2299 3638 ergo sunt in recta  communi. Ergo recta est cn
820 3535 2341 3704 In quam quaedam, recta in quam cadunt A et B est
855 3662 1180 3758 in plano A.
1337 3596 2351 3735 sed esset adhuc costendendum non posse
858 3662 2341 3817 duci plures rectat per AC B et C, Hoc videtur etium po
1605 3713 2370 3847 ratione plani Y rectae. Et ita hinc
1593 3791 1643 3845 es
1782 3786 1960 3849 plana
526 1436 667 1548 xioma
2548 192 3496 319 Y etse rectam est Y. A B esse unic
2616 275 2901 364 interminata
2981 263 3228 350 relationem.
2548 282 3787 451 Recta, est Y posito Y. A. B esse unicam. seu loc
2532 401 3195 521 Recta recta est similis.
3256 371 4077 479 sit et recta cujus extrema A et B
2506 434 3994 599 sit recta cujus extrema sint c et D. sit recta AB, et alia CD
3656 491 3938 599 data construntia
4070 517 4260 606 relationi
4199 553 4378 627 unicorum
2680 533 4081 700 Recta est locus punctorum ad duo puncta _ ecru
2482 634 3994 810 (2) seu relationem a Y. A. B esse unicam est Y esse rectam
2482 702 4015 883 (3) punctam ad quod p puncta duo ad quae quodvis punctum
2560 792 3983 951 rectae suae relationis, unicum est, sunt in ipsa recta
2482 843 4159 1027 Nam s  sit Y. A. B un ica et Y recta, dico A esse in Y. adeoque et B
2482 900 4286 1102 Nam A. A. B est unica relatio unica ergo A est  quoddam Y. adeoque A est in P
2482 984 4155 1170 (4) itaque usi sumus hac o iomate A. A. B est un relatio unica
2525 1045 4086 1236 Hanc demonstrare non difficile est, nam anitum aliud datur punctam
2520 1097 4220 1292 quod eodem modo se habeat ad A nam A est suae relationis unicum ad A
2544 1165 4258 1358 solum enim A ipsi A idem est) ergo et sue relabionis unicum est ad A. B
2497 1204 4309 1445 (5) Recta Datis duobus punctis in recta determinata est recta infinita
3294 1281 4314 1438 sit recta Y. in quam cadunt puncta L et M
2501 1368 3223 1523 interminata in quam cadunt.
2537 1440 3237 1579 dico _ Y. L. M, esse un.
3265 1360 4314 1527 ponapus Y. A. B esse un. ex natura rectae,
2497 1429 4309 1657 ergo L. A. B. est un. et M. A. B est un. qu L Ex determinatione
2497 1513 4110 1739 per determ. 2 tollatur A fictR pro eo substituendo L. B. et fiet
2520 1584 4077 1807 ex ex aeq. 1. fiat Y. L. B. B,  esse un. id est (quia hic
2534 1626 4473 1880 ipsius B repetitio frustranea est) Y. L. B esse un. eodem modo ex Fetg. determ. 1 et 3
2532 1824 3202 1953 probatur Y. M. B esse un.
3272 1727 4314 1880 Et per 5 et 6 tollando B, fit Y. L. M. un.
2588 1903 3009 1997 vod erut dem.
3157 1784 4419 1955 Hinc duae rectae non possunt sese in duobus punctis secare
2492 1863 4100 2089 () Notibilit Regula calculi. Determinationes in calculo
2522 1934 4194 2171 sit.s eum usum habent, quem aequationes in calculo magnitudinis,
2501 2026 4107 2237 ut possit ut ope duarum aequa determinationum, quas eadem
2513 2096 4098 2319 res ingreditur possit res tolli et haberi nova determinatio
2492 2261 2941 2374 in qua non extat
2497 2197 4332 2439 (7) patet ettam ex cutculo artics calculo articuli 7 quomodo ha ibi
2520 2319 3651 2498 repetitio sit inutilis, cum scilicet bis
2499 2364 4091 2578 (8) Rectae datis extremis rectae determinata est recta
2508 2439 4126 2651 Nam sit recta AYB vel per compendium AB. dico non aliam
3531 2515 4055 2627 sit enim  alia
2506 2569 3458 2717 dari rectam cujus extrema sint A. B.
2499 2576 4112 2787 et aliquod ejus punctum BC quode sit un id erit unicum ad A. B
2501 2646 4100 2865 per artilus ergo cadit in rectam interminatam Y seu locum
3543 2684 4133 2820 Esto enim talis, ergu
2501 2776 3444 2909 emnium puncctam Y d A B unicarum.
2508 2743 4316 2978 quod libet ejus punctum erito spinsitque unicum. Nam rectae in quam cadunt
2544 2820 4093 3032 edit A et B quod libet punctum est sui situs unisum ad A et B.
2953 2928 3334 3029 erminata sunt simil
2482 2909 4114 3121 erg. ( 3) Rectae rectae est similis, nam determinatio per A et B
2501 2961 4227 3201 similis est determinatio per L et M ergo sim positu punctorum A et B
2515 3036 4168 3262 similis est hypothesi punctorum ali dorum aliorum quorum cunque L et M
2532 3109 4197 3336 Ergo et quicquid per per A et B determinatur simile est determinato
357 4000 1203 4071 GOTTFRED MILHIEIM LEIBTIIZ BIBLIOTHEN
4246 4010 4693 4073 Signatur. LFI 36. 1. 14. 71351. D01
362 4078 1203 4141 NIEDERSACNSISCHE LANDESBIBLIOTHER
4236 272 4676 354 panos nc santum
4274 326 4723 425 dicere rectam
4343 392 4794 500 etse locum prinda
4427 465 4798 558 ad sua extrema
4453 514 4723 598 unicorum
4253 971 4780 1053 seu quodvis punctum recta
4284 1017 4789 1093 ad duo ejus puncta quav
4319 1060 4796 1132 unicum est suae relationis
4311 1097 4554 1184 unicum est
4301 1337 4667 1443 ergo quia quod est L
4512 1269 4791 1351 Cet quodd est m
