3346 4760
179 116 1748 267 tamen sine ipsius pondere a pud nos compressum,
901 190 1010 264 nda
190 203 1864 375 esse, et hanc affemultorum naturae effectuum causam,
206 306 1761 470 Boylius egregie patefecit. Cum enim nanifestum
185 390 1802 563 sit Barometrum etam in areMercurium
153 457 1740 650 harometri etiam in aere clauso suspensum manere
150 552 1756 740 non potest dici cum sustineri a massa gravitate massae
163 632 1751 811 arreae, necesse est ergo eum sustineri abaeris Ela
179 716 1875 877 terio comprimi ultra negantis. Idem ostendit vesicas flacida
177 793 1772 973 intumescere Contra ubi comprimi potest,  est ubi
182 883 1719 1068 o quod fit cum exhausta magna  parte exrecta
182 952 1843 1150 magna parte solito dilatatior est, Baroscopii effectus
171 1044 1928 1219 cessat obse rvatum enim est a Boylio proportione evacuationis
166 1145 1801 1293 Mercurium descendisse aquamque ipsam descendisse, nec nisi
179 1224 1690 1367 digitum Mercurii aut pedem aquae, ultra superficiem
179 1277 1835 1462 Magnantis in funto liquoris emtrisse, quod scilicet indicio
179 1369 1819 1533 fuit aerem nondum satis fuisse expaustam Nam Hugenius
150 1451 1785 1615 postea eo rem produxit, ut Mercurius aut aqua ex tubo
142 1523 1785 1689 penitus descenderent in vas subjectum. Hoc Experimento
156 1618 1737 1766 planeus demonstrat est nullam aliam esse suspensi
894 1687 1110 1755 altitudin
201 1689 1724 1851 in Tubo  Mercurii causam, quam disjunctive, vel
198 1787 1134 1919 Gravitatem aeris vel Elaterem.
235 1824 1830 1991 At. circa alios Vacui Fugae ascriplos vulgo effectus nonihil
206 1919 1748 2073 titubatum est turbatum est, observavit enim Boylius
193 1999 1795 2157 duas laminas politas in Exhausto Recipiente nnhilominus
161 2078 1769 2245 cohaesisse etHugenius idem vidit tribus licet libris
166 2142 1814 2332 laminae inferiori appensis. Rsp est a Clarissimus
195 2223 1711 2414 Perierius Pasealiamm disserta qui Experimentum illud
182 2290 1758 2464 memorabile vi monte illo Anvergiiae (Le purs de domino)
201 2366 1811 2562 sumsit, et postea scripta quaedam Pascalii posthuma
163 2448 1721 2641 de hoc argumento publicavit, vidit difficultatem ex hoc
161 2536 1679 2718 Boylii experimento natam responditque aerem
148 2610 1780 2800 a Boylio non fuisse satis exhaustum, ac proinde nam
156 2676 1817 2877 et Mercurium, aquamque nondum plane descendisse, et
576 2803 759 2877 bilas po
161 2832 827 2964 ideo nec laminas fui–
862 2755 1875 2900 de divulsas, si quivtamen explorare
182 2824 1875 3043 potuisset manu, sensurum fuisse summam divellendarum
158 2903 1663 3101 Tabularum difficultatem. Addit Etaterium aeris
158 2975 1716 3175 minus a aerem, res iduum a Elaterio suo se dilatantem
145 3051 1671 3247 ab alio circumjacente non pressum Elaterio suo se
142 3131 1650 3308 dilatantem amina Tabulas velut compressisse.
163 3199 1803 3392 sed ex quo si experimentum Hugenii tunc vidisset perierius
124 3265 1780 3461 quaerenda fui ei fuiret alia respondendi ratio agnovisset
119 3347 1716 3535 credo Aeris pressionem sustiner in eo casu
119 3424 1716 3625 non posse non sufficere ad phaenoemeni explicationem
137 3509 1639 3694 Nam cum ne digito quidem imo nelineae quid
137 3583 1703 3757 Mercurii ac nec pollici aquae sustinendae sufficiat,
140 3649 1719 3829 quamodo coustat enim omnem penitus aquam et tanto
124 3731 1698 3913 magis Mercurium ex Tubo Torricelliano descendere
148 3800 1684 3971 vas subjectum, quomodo sustineret laminam tribus
132 3879 1676 4043 libris appensis gravatam? Sustinetur tamen Lamina
148 3927 2083 4125 cum pondere sue, necesse est ergo aliam a ab pressione differentem
119 4040 1859 4186 aeris sustentationis esse causam. Insigni plane documento
150 4114 1708 4268 cum post tet plansibilia argumenta qu quam non sit
140 4162 1917 4344 testinandum in regulis generalibus ex particularibus experimentis
161 4215 2303 4421 condendis. Cum post tot plansibilia ex sub argumenta experimenta
158 4336 1785 4508 ipsem subtilissimum pascaliu, et quot quot praematurius in ejus
2584 4353 3168 4479 Rrcipientesive, succedit.
145 4408 1669 4585 opinionem se dedere, lapsos tempus docuerit. Eodem
153 4445 3183 4665 modo necesse est effectum iphonis iniquicruri non esse a sola aeris pressione, quando et ipse in Vacud Magdeburgico
1801 357 3205 486 tantmpressione, remanenteque pronde nihilomis
3021 105 3176 166 lc
1959 105 3184 245 seed apo tamen pressionem esse causu mm
1911 208 3184 327 dratam, quia experimentum reperi, Cinfr
1907 275 3166 404 2.) quo auterri potest ditatatio relicta
1989 494 3195 618 sum excogitari posse quo tentetur an
1981 560 3142 687 ademta compressione, relictaus tantum
2002 642 3137 772 dilatatione, maneat aersMsurij
2007 737 2311 837 elevatio
1928 1650 3118 1798 liberi, vel Elaterem clausi.Cum gue
2012 1740 3152 1856 der sit a massa incumbente ad
2020 1819 3208 1927 certum usque terminum compressus et massae
2012 1888 3208 2012 ultra compressurae resistat, hinc ei quoque
2023 1959 3213 2089 resistet quod massae aereae aequi
2015 2038 3245 2160 ponderat scilicet Mercurio ap determinasu
2004 2112 3237 2245 altitudine suspenso. CUltinia ergo
2015 2197 3166 2319 ratio Baroscorii Massae aereae gravitas
1997 2263 3208 2390 unice censenda est, quia Elaterium ejus de–
2002 2342 3205 2467 terminatum a determinata massae gra
1994 2430 2451 2525 vitate pendet.
1991 2477 3123 2620 Itaexplosa eorum sententia est qui
2018 2554 3189 2684 corpus a corpore avelli posse negabant nisi
2015 2628 3205 2763 aliud sensibile novum intrare posset Mer–
2018 2702 3216 2829 curium enim avelli a summitate tubi ma–
2023 2776 3150 2903 infestum est in ascopro in antlia
2647 2768 2721 2832 oti
2740 2771 2790 2832 nit
1994 2834 3213 2967 embolusaquam in nimiam altitudi
2002 2916 2906 3043 nem evectam tandem deserit
3020 2908 3213 3027 quidam
1981 2988 3171 3104 Cum Mercurium a summo  avelli viderent
1928 3054 3155 3186 spatium intus relictum materia vilapsus
1962 3107 3205 3247 ponderisque quae Mercurium longius descendere
1983 3168 3187 3305 non pateretur seu tendi ultra non posset,
2020 3226 3189 3374 plenum esse dixere hanc nijm serdtentiae
2041 3297 3213 3436 Hyper apfiste doctum Franciscus Linus egit.
3020 3358 3226 3469 Sed cum
3015 3435 3216 3527 ex hoc
2757 3493 3216 3612 fariculo seq si rem
2801 3567 3208 3665 exacte consideres
2712 3628 3205 3726 apparet eod emreci
2382 3789 3189 3905 extra tubum pressioni, et
2503 3746 3182 3847 eorum, qui aeris pss
2721 3696 3195 3784 dere sententiam
2236 3852 3197 3971 qui aeris in Tubos tensioni
2153 3919 3229 4016 hoc phaenomenon attribuunt, quia quanto
2158 3985 3232 4090 aer intus dilatatus tantum extra com–
2174 4043 3234 4165 pressis. Quia tamen. Et posset prom
2520 4093 3229 4217 de conatus ascribi effecto
2504 4178 3237 4270 conatui pressionis univera
2489 4239 3094 4339 lis ad uniformitatem
3176 4233 3234 4321 d
1893 3432 2920 3569 ejus dilatati pressio Elateriumve tunc
1864 3654 2531 3783 in Recipiente bene nunc
1981 3731 2235 3833 evacuato
2789 4537 2909 4620 Oc
