3280 4811
1192 98 1291 184 ent
101 138 2109 336 Exp. 3 ideo generaliter quantaecunque sit crassitiei aut altitudinis
168 240 1686 419 ponder incumbentia semper manebit in spatio
192 326 1606 497 extabit ultra in altitudine quacune ex d
139 406 1724 588 pondus minus attum pondus altitudinis minosis prevabat
117 491 1649 676 aequivatent Quod si vero crassities non sit eadem
122 579 1587 756 aut pondera nosint homogenea, tunc semper
125 702 970 852 manebitsupra c.
173 748 1697 954 Exper. 3. Cujus cunque vero crassitiei aut
120 855 1799 1050 etiam hetero genertatis pondera sint, quantum
788 975 839 1045 po
144 919 2726 1130 semper tantundem inter supra quodcunque assumtum in linea descensiis punctum
144 1055 1796 1237 relinquetur. Esto in exem fig 1.
139 1122 1876 1331 punctum assumtum c. Quantumcunque augeatur
152 1205 1887 1429 ponda quod extabit supra c. semper aequiponderabit
157 1301 1930 1504 columnae cd. Quia hoc solo sustentato solum pondus dc.
152 1397 1705 1579 aut ei aequale sustentando omnem vim suam
133 1488 2020 1683 residuam (sicea pondera jam  quae jam infrac forsan
144 1571 1841 1769 esse Elateriumque premere possunt adimas) consumit
133 1665 1946 1846 impendit. Non ergo demittit unquam hoc pondus ejve
139 1731 2154 1924 aequalens etsi caetera omnia superfusa adjectave
130 1812 2576 2023 sine resistentia demittat; id est demittet totum infra dc. quantum cunque
2574 1894 2697 1961 a
2620 1770 2729 1894 sit
136 1897 1897 2106 fademta quo parte quadam
112 2001 1836 2189 ccolumnae dc. aequiponderante, quantam cumque
101 2143 441 2277 sit rotum.
163 2135 1812 2344 Exper. 4. Si Elaterium pariter et Rondus liquida sint
1069 2229 1537 2319 altitudo crassitie
152 2221 2277 2445 nec Elaterii,nec Ponderis crassities ponderie sed species tantum
157 2338 1862 2528 altitudirem suspensionis variat. Sed sola species
176 2424 1692 2619 Elaterii Species inquam, id est si pondus sit aqua
195 2507 1684 2680 aut Mercurius, si Elaterium sit aer rarus aut
179 2584 1927 2768 compressu. quae specie variare dico quia pari magnitudin
168 2670 1885 2851 et figura aliii externisque omnibus diversos tamen
160 2752 1635 2924 exernent effectus. Ratio est, quia in liquoribus
133 2838 1684 3001 crassities. Liquores neque ponderant neque  vim
128 2916 1630 3071 Elasticam exercent secundum erassitiem in
114 2993 1729 3156 vim aliam oppositam exercent, secundum crassitiem
122 3079 1635 3220 dudum in Hydrostaticis demonstratum est liquores
114 3153 1734 3295 non pondere secundum crassitiem Tuborum vasorumque
144 3220 1732 3394 quia liquor magis arctatus celerius movetur
141 3300 1705 3482 inspice fig. 3. Ubi sipho bicrurus cruribus sursum
125 3386 1638 3578 spectantibus apertisque diversae capacitatis aqua
136 3453 1686 3651 liquore e quodam plenus cogitetur. Constat et
130 3538 1654 3733 a stevino aliisque dudum ostensum est, etsi tubi
144 3621 1622 3803 in tubo agctiore ab. minus sit aquae quam in
141 3685 1769 3888 ampliore b. attamen minorem majori aequiponderare
155 3760 1668 3966 Ratio dummodo eadem sit tuborum altitudo. Ratio
181 3830 1668 4027 est, quia rangustia tubi quantum
144 3902 1780 4110 adimis materiae, tantum addit motui, necesse
152 3979 1796 4172 best enim aquam cd. per tubum bc. exituram
149 4030 1788 4263 celerrime moveri sursum, dum ipsa tarde descendit
157 4105 1839 4327 in Tubo bc. Est enim generale omnium machinarum
155 4174 1868 4415 principium ut celeritate motus materia compensetur.
165 4281 1734 4492 Cum ergo hoc principium generale, locum habeat
1371 4340 2004 4484 eb tandat in vas ex
203 4396 2940 4645 Tubus crre eb. per pondus sive per Elaterium haores tubo b. curre cb. transeat in crus ba.
259 4482 3044 4753 semper enim liquor in va ab tanto celerius movebitur, quam in cb quanto crus ipsum
