<?xml version="1.0" encoding="UTF-8"  standalone="yes"?>
<PcGts xmlns="http://schema.primaresearch.org/PAGE/gts/pagecontent/2019-07-15" xmlns:xsi="http://www.w3.org/2001/XMLSchema-instance" xsi:schemaLocation="http://schema.primaresearch.org/PAGE/gts/pagecontent/2019-07-15 http://schema.primaresearch.org/PAGE/gts/pagecontent/2019-07-15/pagecontent.xsd">
  <Metadata>
	<Creator>escriptorium</Creator>
	<Created>2026-01-14T16:10:14.387805+00:00</Created>
        <LastChange>2026-01-14T16:10:14.387842+00:00</LastChange>

  </Metadata>
  <Page imageFilename="LH_35_14_2_0094r.jpg" imageWidth="2900" imageHeight="4625">

    
    <TextRegion id="r2"  custom="structure {type:MainZone;}">
      <Coords points="59,75 60,435 62,750 72,4579 155,4581 206,4574 249,4587 365,4579 530,4589 739,4583 1023,4574 1168,4582 1243,4562 1327,4570 1401,4564 1499,4574 1534,4572 1657,4576 1673,4548 1628,4501 1563,4468 1522,4438 1436,4400 1456,4349 1502,4337 1504,4307 1468,4228 1497,4158 1479,3092 1486,3051 1470,2888 1465,1938 1446,1410 1416,1262 1429,1243 1441,1236 1445,1214 1449,1184 1445,292 1420,252 1425,49 764,52"/>
      
      
      <TextLine id="eSc_line_cb191c39" custom="structure {type:default;}">
        <Coords points="365,69 353,65 234,69 213,74 207,70 80,74 82,118 82,161 429,154 442,151 552,125 583,141 586,141 588,141 686,120 802,128 804,128 1066,107 1120,125 1133,131 1136,131 1138,131 1141,131 1144,131 1144,128 1149,125 1167,107 1221,123 1223,123 1226,123 1228,123 1231,123 1234,123 1262,102 1321,120 1334,123 1336,123 1339,123 1401,115 1401,82 1397,49 764,52 397,64"/>
        <Baseline points="82,118 699,84 1324,74 1401,82"/>
        <TextEquiv conf="0.9634239534536998">
          <Unicode>Gerick. lib. 3. ca p. 10. immitte frustum auri argenti argen</Unicode>
        </TextEquiv>
      </TextLine>

      
      
      <TextLine id="eSc_line_a9010d3c" custom="structure {type:default;}">
        <Coords points="1046,107 1025,107 1020,107 971,95 969,95 966,95 856,100 853,100 850,100 850,102 848,102 840,113 732,105 730,105 97,154 102,200 105,233 339,220 341,220 344,220 344,218 365,200 429,213 442,215 444,215 447,215 462,213 545,190 799,190 871,190 874,190 876,190 892,185 938,169 974,179 987,182 989,182 992,182 994,182 1010,177 1033,169 1038,174 1046,182 1048,182 1051,182 1054,182 1056,182 1082,172 1100,167 1120,169 1164,177 1167,177 1169,177 1210,164 1239,156 1267,161 1324,169 1326,169 1398,151 1398,125 1396,89 1329,77 1326,77"/>
        <Baseline points="102,200 632,151 1398,125"/>
        <TextEquiv conf="0.9596338087862188">
          <Unicode>sivivi vel cujusvis metalli aut alterius ver aliquod as</Unicode>
        </TextEquiv>
      </TextLine>

      
      
      <TextLine id="eSc_line_1c45e801" custom="structure {type:default;}">
        <Coords points="115,292 323,290 326,290 329,290 329,287 331,287 339,277 341,272 442,267 447,269 470,280 473,280 475,280 478,280 480,280 480,277 496,264 506,254 676,251 678,251 699,267 701,267 704,267 707,267 709,267 748,246 758,241 796,244 858,246 861,246 953,231 1007,223 1030,226 1087,233 1090,233 1164,215 1177,213 1187,213 1257,231 1259,231 1262,231 1264,231 1298,208 1334,226 1336,226 1339,226 1342,226 1403,197 1403,182 1396,133 1164,156 1090,154 1025,151 1023,151 1020,151 1018,151 1018,154 1015,154 1012,159 1007,164 992,159 966,154 964,154 961,154 958,154 956,154 940,164 928,169 868,169 748,167 745,167 663,182 640,187 629,185 593,177 591,177 588,177 586,177 583,177 568,190 563,195 444,200 419,200 290,195 287,195 285,195 282,195 262,210 259,213 107,220 113,256"/>
        <Baseline points="113,256 884,202 1403,182"/>
        <TextEquiv conf="0.9782369403128929">
          <Unicode>aqua quodammodo repletum et videbis illud, imo–</Unicode>
        </TextEquiv>
      </TextLine>

      
      
      <TextLine id="eSc_line_0ae3f8ff" custom="structure {type:default;}">
        <Coords points="74,352 218,346 246,359 249,359 251,359 254,359 293,339 295,339 300,339 385,349 388,349 617,331 619,331 694,310 704,308 722,308 843,310 845,310 848,310 902,295 910,292 915,292 976,305 979,305 1136,277 1154,274 1167,274 1288,282 1290,282 1393,256 1393,228 1385,192 994,208 799,228 614,249 570,244 545,241 542,241 539,241 519,246 473,259 426,254 408,251 406,251 403,251 401,251 401,254 398,254 390,264 352,256 339,256 336,256 334,256 331,256 331,259 329,259 321,272 195,280 69,277 74,326"/>
        <Baseline points="74,326 1393,228"/>
        <TextEquiv conf="0.9855089644591014">
          <Unicode>vitrum iptum paulo post, innumeris bullulis undiquaque abhae</Unicode>
        </TextEquiv>
      </TextLine>

      
      
      <TextLine id="eSc_line_f0f39277" custom="structure {type:default;}">
        <Coords points="64,431 1390,321 1390,282 1383,236 60,354 60,384 61,393"/>
        <Baseline points="61,393 1390,282"/>
        <TextEquiv conf="0.9874233959182617">
          <Unicode>reutibus adhaerere easque paulatim ad aquae superficiem ascend</Unicode>
        </TextEquiv>
      </TextLine>

      
      
      <TextLine id="eSc_line_7b14ea5a" custom="structure {type:default;}">
        <Coords points="64,488 239,470 295,472 326,475 329,475 331,475 347,470 375,457 388,467 395,472 398,472 401,472 403,472 460,467 462,467 488,459 532,444 565,452 583,457 586,457 588,457 742,444 745,444 748,444 758,436 776,426 789,434 799,439 802,439 804,439 807,439 830,431 881,416 910,426 922,429 925,429 928,429 930,429 940,423 961,411 974,421 976,423 979,423 982,423 984,423 987,423 1002,418 1051,400 1090,411 1097,413 1100,413 1102,413 1136,408 1267,382 1336,393 1352,393 1354,393 1357,393 1360,393 1362,390 1385,375 1401,387 1406,339 1398,303 60,411 60,419 64,454"/>
        <Baseline points="64,454 840,398 1406,339"/>
        <TextEquiv conf="0.9495199003763366">
          <Unicode>ubi disrumpuntur et se cumagre conjunctunt. Aer omnis est</Unicode>
        </TextEquiv>
      </TextLine>

      
      
      <TextLine id="eSc_line_71155e23" custom="structure {type:default;}">
        <Coords points="95,539 637,511 640,511 673,501 732,485 886,485 920,485 922,485 925,485 928,485 928,483 930,483 938,470 1059,459 1072,470 1072,472 1074,472 1077,472 1079,472 1082,472 1084,472 1113,457 1187,465 1203,465 1205,465 1223,462 1342,436 1416,447 1416,405 1411,372 89,470 95,508"/>
        <Baseline points="95,508 563,480 1416,405"/>
        <TextEquiv conf="0.9818435562284369">
          <Unicode>rerum ador seu effluvium. Sed aerem communem non odoramus</Unicode>
        </TextEquiv>
      </TextLine>

      
      
      <TextLine id="eSc_line_f5d1e554" custom="structure {type:default;}">
        <Coords points="92,619 136,598 228,606 233,606 236,606 239,606 241,606 311,580 491,583 521,583 524,583 581,575 722,555 748,560 755,562 758,562 760,562 763,562 766,562 766,560 768,560 776,547 853,552 892,552 894,552 897,552 899,552 907,547 933,529 1012,534 1015,534 1018,534 1090,516 1126,526 1136,529 1138,529 1141,529 1144,529 1146,529 1154,524 1182,506 1398,501 1398,465 1390,416 1259,426 1257,426 1218,444 1113,439 1108,439 1105,439 1102,439 1100,439 1100,441 1097,441 1087,454 1046,444 1043,444 1041,444 1033,444 938,467 863,459 858,459 856,459 845,462 732,485 707,472 704,472 701,472 699,472 696,472 694,472 665,493 424,511 408,498 406,498 403,498 401,498 398,498 395,498 395,501 393,501 383,513 318,508 316,508 200,529 177,519 174,519 172,519 169,519 131,534 82,526 87,572"/>
        <Baseline points="87,572 532,544 984,493 1398,465"/>
        <TextEquiv conf="0.9728381678743182">
          <Unicode>quia ei assuevimus. Res putrescentes majorem emittunt</Unicode>
        </TextEquiv>
      </TextLine>

      
      
      <TextLine id="eSc_line_3685e123" custom="structure {type:default;}">
        <Coords points="82,678 287,644 380,644 393,655 395,657 398,657 401,657 403,657 406,657 408,657 408,655 411,652 434,632 488,629 560,642 573,642 575,642 617,637 809,603 830,619 832,619 835,619 838,619 840,619 850,616 907,598 997,603 1005,603 1007,603 1010,603 1012,603 1041,583 1054,596 1056,596 1059,596 1061,596 1110,593 1154,590 1156,590 1162,590 1272,560 1411,567 1411,521 1403,485 1200,488 1198,488 1195,488 1174,501 1164,506 1118,506 1043,506 1041,506 1038,506 1036,506 1028,513 1020,519 1002,516 969,508 966,508 964,508 961,508 946,519 930,529 766,534 624,539 622,539 619,539 619,542 617,542 614,544 606,557 411,560 393,562 390,562 388,562 370,575 313,567 300,567 298,567 277,570 179,593 74,588 79,639"/>
        <Baseline points="79,639 1411,521"/>
        <TextEquiv conf="0.9844173435121775">
          <Unicode>odorem. omnis terra putrida sub aquis stagnis et paludibus semus</Unicode>
        </TextEquiv>
      </TextLine>

      
      
      <TextLine id="eSc_line_521c50e3" custom="structure {type:default;}">
        <Coords points="64,729 154,722 161,724 177,737 179,737 182,737 185,737 187,737 223,719 228,716 246,716 334,724 336,724 339,724 341,724 367,706 370,706 372,706 444,711 447,711 449,711 480,696 483,696 491,696 601,701 604,701 707,675 725,673 748,673 902,675 904,675 907,675 910,675 938,657 1108,657 1110,657 1113,657 1172,634 1174,634 1177,634 1226,647 1228,647 1231,647 1234,647 1236,647 1267,626 1270,626 1275,626 1378,629 1380,629 1383,629 1385,629 1406,614 1406,588 1396,534 1354,552 1313,542 1311,542 1308,542 1218,549 1216,549 1213,549 1213,552 1185,570 1066,578 1048,567 1046,565 1043,565 1041,565 1038,565 1036,565 1033,565 1028,567 1005,585 812,588 712,593 709,593 673,603 619,616 560,614 509,611 506,611 503,611 457,624 411,634 377,632 334,626 331,626 329,626 326,626 326,629 316,637 311,642 264,642 179,639 177,639 61,660 62,683 64,704"/>
        <Baseline points="64,704 1406,588"/>
        <TextEquiv conf="0.9751634541011992">
          <Unicode>multas emittit bullas. Quod videre est quando hasta vel pertica</Unicode>
        </TextEquiv>
      </TextLine>

      
      
      <TextLine id="eSc_line_883d2873" custom="structure {type:default;}">
        <Coords points="69,799 323,768 403,773 411,773 413,773 416,773 419,773 462,752 532,763 539,763 542,763 691,750 745,742 748,742 750,742 768,724 987,724 1033,722 1036,722 1054,716 1141,696 1185,706 1200,709 1203,709 1205,709 1221,704 1267,686 1408,686 1411,657 1403,601 1231,629 1180,621 1167,619 1164,619 1162,619 1149,624 1100,639 1041,634 1020,632 1018,632 1015,632 1012,632 1007,637 992,647 971,639 964,637 961,637 958,637 902,644 789,665 755,660 727,655 725,655 722,655 678,665 629,678 604,673 575,668 573,668 570,668 550,678 534,686 516,680 501,678 498,678 496,678 329,698 259,706 254,706 233,696 231,696 228,696 226,696 223,696 208,709 203,711 195,711 154,704 151,704 62,722 62,729 66,760"/>
        <Baseline points="66,760 1177,668 1411,657"/>
        <TextEquiv conf="0.9653504551560791">
          <Unicode>in fundum impragitur. Unde in omni etiam glacie pluses</Unicode>
        </TextEquiv>
      </TextLine>

      
      
      <TextLine id="eSc_line_95d03f26" custom="structure {type:default;}">
        <Coords points="79,858 259,832 367,835 370,835 372,835 465,809 647,809 650,809 653,809 699,788 748,796 750,796 753,796 799,781 840,793 843,793 845,793 848,793 850,793 884,770 989,763 1043,775 1046,775 1048,775 1051,775 1092,752 1403,745 1401,711 1393,660 979,706 951,701 928,698 925,698 922,698 907,706 889,716 812,716 691,716 689,716 581,737 539,745 506,745 398,742 395,742 393,742 357,760 352,763 71,786 77,824"/>
        <Baseline points="77,824 827,750 1401,711"/>
        <TextEquiv conf="0.9610449260834492">
          <Unicode>inveniuntur bullae, quae ex eadem causa oriuntur, nam quando ascer</Unicode>
        </TextEquiv>
      </TextLine>

      
      
      <TextLine id="eSc_line_008ca3b7" custom="structure {type:default;}">
        <Coords points="87,865 87,891 179,896 182,896 185,896 223,881 226,881 244,894 246,894 249,894 251,894 334,876 362,886 365,886 367,886 514,858 552,853 583,853 701,858 704,858 794,837 814,832 822,835 853,845 856,845 858,845 861,845 863,845 884,829 892,824 925,827 1010,832 1012,832 1015,832 1048,817 1054,817 1128,822 1131,822 1133,822 1167,806 1185,799 1231,796 1239,801 1252,811 1254,811 1257,811 1259,811 1385,788 1385,765 1380,727 1252,727 1249,727 1246,727 1221,740 1213,742 1203,740 1156,732 1154,732 1151,732 1126,745 1105,734 1102,734 1100,734 1097,734 1064,750 1059,752 1046,752 979,745 976,745 899,763 853,773 827,768 796,760 794,760 791,760 699,775 604,793 532,788 485,786 483,786 480,786 457,793 413,811 161,829 95,822 82,822"/>
        <Baseline points="87,865 462,842 1079,781 1385,765"/>
        <TextEquiv conf="0.9791249210184271">
          <Unicode>dunt, tunc congelant una simul ac proinde elaciem aquam</Unicode>
        </TextEquiv>
      </TextLine>

      
      
      <TextLine id="eSc_line_a49fc6a2" custom="structure {type:default;}">
        <Coords points="77,958 174,958 174,955 177,955 179,955 179,953 182,953 187,948 195,937 233,942 285,950 287,950 290,950 344,935 357,930 367,932 408,945 411,945 413,945 416,945 470,922 470,899 465,863 408,850 406,850 403,850 401,850 385,863 377,865 257,863 197,863 195,863 187,863 125,878 74,865 77,917"/>
        <Baseline points="77,917 470,899"/>
        <TextEquiv conf="0.9991267568924848">
          <Unicode>leviptem reddunt.</Unicode>
        </TextEquiv>
      </TextLine>

      
      
      <TextLine id="eSc_line_d586ebea" custom="structure {type:default;}">
        <Coords points="493,922 1388,845 1388,819 1380,781 485,842 491,894"/>
        <Baseline points="491,894 1388,819"/>
        <TextEquiv conf="0.9874840011963477">
          <Unicode>radem quoque de causa ascendunt corpora</Unicode>
        </TextEquiv>
      </TextLine>

      
      
      <TextLine id="eSc_line_597d42e9" custom="structure {type:default;}">
        <Coords points="89,1014 403,978 439,984 467,989 470,989 473,989 475,989 485,981 501,971 568,973 681,976 683,976 856,948 868,945 874,945 930,955 933,955 1074,930 1115,940 1118,940 1120,940 1123,940 1126,940 1156,919 1164,914 1190,917 1241,922 1244,922 1246,922 1275,909 1288,901 1398,896 1398,871 1385,827 1365,840 1277,837 1244,837 1241,837 1239,837 1228,842 1205,855 1015,860 868,868 866,868 850,876 835,883 809,881 778,876 776,876 611,899 527,909 509,907 470,901 467,901 388,919 367,925 331,925 151,927 149,927 82,945 87,978"/>
        <Baseline points="87,978 1398,871"/>
        <TextEquiv conf="0.9861052208221875">
          <Unicode>vel cadavera mortua aquis suffocata, nam quando post</Unicode>
        </TextEquiv>
      </TextLine>

      
      
      <TextLine id="eSc_line_48f78600" custom="structure {type:default;}">
        <Coords points="95,1066 231,1071 233,1071 334,1048 341,1048 344,1048 398,1058 401,1058 403,1058 442,1040 452,1040 557,1040 560,1040 563,1040 565,1040 583,1030 586,1027 591,1027 629,1040 632,1040 635,1040 637,1040 640,1040 668,1022 671,1020 673,1022 694,1035 696,1035 699,1035 701,1035 771,1030 886,1004 907,1002 922,1002 989,1009 992,1009 994,1009 997,1009 997,1007 1000,1007 1007,996 1010,994 1020,994 1105,1004 1108,1004 1110,1004 1113,1004 1141,986 1144,984 1151,984 1208,996 1210,996 1213,996 1257,976 1262,973 1408,963 1408,937 1403,889 1290,889 1288,889 1285,889 1282,889 1267,899 1252,909 1218,904 1177,896 1174,896 1172,896 1169,896 1149,909 1133,919 1000,922 863,927 861,927 830,937 802,945 773,942 707,932 704,932 701,932 699,932 668,950 658,955 617,955 496,953 493,953 491,953 488,953 470,968 467,971 457,968 408,958 406,958 213,991 200,991 195,991 136,981 133,981 131,981 89,996 95,1038"/>
        <Baseline points="95,1038 1408,937"/>
        <TextEquiv conf="0.9588768847029785">
          <Unicode>aliquot dies putrescere incipiunt tunc novus ille senerata</Unicode>
        </TextEquiv>
      </TextLine>

      
      
      <TextLine id="eSc_line_23ceedb9" custom="structure {type:default;}">
        <Coords points="115,1145 326,1112 367,1122 370,1122 372,1122 375,1122 377,1122 455,1102 493,1112 496,1112 498,1112 501,1112 503,1112 516,1110 575,1094 611,1099 627,1102 629,1102 632,1102 635,1102 640,1097 663,1084 699,1092 712,1094 714,1094 1408,1025 1408,991 1401,945 822,1004 755,999 742,999 740,999 725,1002 650,1020 599,1012 591,1012 588,1012 573,1014 498,1032 452,1025 447,1025 444,1025 442,1025 439,1025 406,1043 105,1053 113,1102"/>
        <Baseline points="113,1102 1408,991"/>
        <TextEquiv conf="0.9860704320092355">
          <Unicode>odor seu aer corpora distendit, levioraque facit, consequenter</Unicode>
        </TextEquiv>
      </TextLine>

      
      
      <TextLine id="eSc_line_429beb17" custom="structure {type:default;}">
        <Coords points="87,1207 143,1189 156,1202 161,1205 161,1207 164,1207 167,1207 169,1207 313,1194 316,1194 341,1187 403,1166 437,1179 439,1179 442,1179 444,1179 447,1179 452,1176 485,1158 588,1166 614,1166 617,1166 619,1166 629,1161 673,1143 722,1153 730,1153 748,1153 758,1151 848,1125 884,1140 886,1140 889,1140 892,1140 894,1140 897,1140 897,1138 922,1122 953,1135 958,1135 961,1135 964,1135 1048,1127 1051,1127 1059,1125 1133,1099 1149,1110 1151,1110 1154,1110 1156,1110 1277,1086 1411,1094 1411,1045 1403,1007 1164,1017 1082,1035 1046,1043 1023,1040 969,1035 966,1035 964,1035 922,1050 904,1058 850,1058 753,1058 750,1058 748,1058 722,1068 709,1074 696,1071 665,1063 663,1063 660,1063 658,1063 655,1063 635,1076 624,1084 488,1094 480,1092 462,1081 460,1081 457,1081 455,1081 452,1081 431,1097 424,1102 77,1127 82,1166"/>
        <Baseline points="82,1166 1411,1045"/>
        <TextEquiv conf="0.9763918928802013">
          <Unicode>denique suspernatare cogit. Haec cum percepissem periculum feci,</Unicode>
        </TextEquiv>
      </TextLine>

      
      
      <TextLine id="eSc_line_7c94ec1d" custom="structure {type:default;}">
        <Coords points="118,1259 146,1243 300,1243 311,1243 311,1241 313,1241 316,1241 367,1223 473,1225 475,1225 478,1225 485,1225 650,1194 1172,1161 1174,1161 1210,1145 1347,1145 1347,1107 1342,1076 1290,1066 1288,1066 1095,1097 1090,1099 1082,1099 838,1107 835,1107 776,1125 763,1115 760,1115 758,1115 755,1115 753,1115 725,1130 704,1120 701,1120 699,1120 105,1184 110,1220"/>
        <Baseline points="110,1220 316,1210 663,1166 1347,1107"/>
        <TextEquiv conf="0.9890154130915378">
          <Unicode>parvamque immisi carpam mortuam in vitreuum vas</Unicode>
        </TextEquiv>
      </TextLine>

      
      
      <TextLine id="eSc_line_f2161e04" custom="structure {type:default;}">
        <Coords points="97,1305 1408,1184 1408,1156 1401,1115 89,1233 95,1269"/>
        <Baseline points="95,1269 357,1259 1190,1171 1408,1156"/>
        <TextEquiv conf="0.9785922722382979">
          <Unicode>instar catiui aqua repletum, quam texi alio vitro forma</Unicode>
        </TextEquiv>
      </TextLine>

      
      
      <TextLine id="eSc_line_ba4c1f77" custom="structure {type:default;}">
        <Coords points="87,1374 113,1359 159,1366 187,1372 190,1372 192,1372 195,1372 205,1364 226,1346 370,1333 398,1346 408,1348 411,1348 413,1348 416,1348 419,1348 419,1346 421,1346 424,1343 431,1333 491,1336 498,1336 501,1336 503,1336 509,1336 563,1315 611,1325 629,1328 632,1328 838,1307 840,1307 843,1307 848,1302 871,1284 902,1297 907,1300 910,1300 912,1300 915,1300 917,1300 920,1297 948,1277 1074,1282 1097,1282 1100,1282 1192,1271 1195,1271 1198,1271 1198,1269 1200,1269 1213,1251 1275,1259 1277,1259 1280,1259 1282,1259 1308,1241 1390,1251 1390,1207 1385,1176 1311,1169 1308,1169 1306,1169 1303,1169 1280,1184 1254,1176 1252,1176 1249,1176 971,1215 920,1207 917,1207 591,1253 583,1253 568,1243 565,1243 563,1243 560,1243 452,1266 429,1256 426,1256 424,1256 421,1256 419,1256 393,1274 113,1287 110,1287 74,1302 79,1333"/>
        <Baseline points="79,1333 606,1292 1390,1207"/>
        <TextEquiv conf="0.9566385887171093">
          <Unicode>calicis ta ut comns aer esset exclusus, caliaque aqua omn</Unicode>
        </TextEquiv>
      </TextLine>

      
      
      <TextLine id="eSc_line_6861b355" custom="structure {type:default;}">
        <Coords points="84,1418 167,1408 190,1410 246,1420 249,1420 251,1420 293,1400 308,1392 493,1379 496,1379 519,1390 521,1390 524,1390 627,1366 645,1364 647,1366 665,1379 668,1379 671,1379 673,1379 791,1369 794,1369 796,1369 796,1366 799,1366 809,1351 868,1361 871,1361 874,1361 935,1343 1033,1346 1036,1346 1038,1346 1041,1346 1041,1343 1064,1323 1066,1323 1072,1323 1141,1330 1144,1330 1390,1289 1390,1259 1383,1225 1110,1246 1108,1246 1105,1246 1097,1253 1079,1266 1018,1261 987,1259 984,1259 982,1259 979,1259 969,1266 943,1282 653,1307 619,1300 601,1297 599,1297 596,1297 581,1305 557,1315 529,1310 516,1307 514,1307 465,1315 372,1333 339,1328 300,1323 298,1323 77,1354 82,1387"/>
        <Baseline points="82,1387 817,1333 1390,1259"/>
        <TextEquiv conf="0.9754248575160378">
          <Unicode>replebus et pisciculus undique aquis immersus post aliquo</Unicode>
        </TextEquiv>
      </TextLine>

      
      
      <TextLine id="eSc_line_7f88ec3a" custom="structure {type:default;}">
        <Coords points="781,1338 771,1338 696,1359 653,1343 653,1346 629,1346 604,1366 568,1354 565,1354 563,1354 560,1354 557,1354 534,1372 352,1372 329,1374 326,1374 316,1377 197,1408 115,1397 120,1444 123,1490 257,1462 331,1467 334,1467 336,1467 401,1449 434,1462 437,1462 439,1462 442,1462 519,1436 817,1426 827,1423 830,1423 904,1397 930,1410 933,1410 935,1410 1123,1379 1210,1384 1213,1384 1216,1384 1218,1384 1298,1359 1416,1364 1416,1318 1406,1269 979,1333 838,1343 814,1333 807,1336"/>
        <Baseline points="120,1444 717,1400 1416,1318"/>
        <TextEquiv conf="0.9724332430145958">
          <Unicode>des multa egrediebantur bullae, quae tundem corpus ipsu</Unicode>
        </TextEquiv>
      </TextLine>

      
      
      <TextLine id="eSc_line_1c579a48" custom="structure {type:default;}">
        <Coords points="105,1557 313,1515 401,1528 411,1528 413,1528 416,1528 429,1526 516,1495 575,1508 588,1510 591,1510 665,1503 668,1503 671,1503 676,1497 699,1480 750,1490 760,1490 763,1490 766,1490 778,1487 845,1467 907,1472 946,1474 948,1474 951,1474 953,1474 964,1467 976,1459 1005,1462 1046,1464 1048,1464 1051,1464 1054,1464 1054,1462 1061,1454 1079,1436 1159,1431 1180,1441 1187,1449 1190,1449 1192,1449 1195,1449 1198,1449 1200,1449 1200,1446 1203,1446 1208,1438 1208,1436 1226,1436 1277,1441 1280,1441 1282,1441 1285,1441 1298,1428 1316,1415 1354,1423 1388,1428 1390,1428 1393,1428 1416,1415 1414,1382 1408,1346 1293,1341 1290,1341 1288,1341 1218,1364 1208,1366 1192,1366 1123,1359 1120,1359 1118,1359 1043,1379 1010,1387 961,1387 902,1384 899,1384 897,1384 894,1384 894,1387 886,1392 879,1402 655,1423 624,1415 614,1413 611,1413 609,1413 606,1413 588,1418 547,1431 524,1423 516,1420 514,1420 511,1420 509,1420 488,1426 434,1444 398,1433 390,1433 388,1433 385,1433 383,1433 377,1436 344,1454 259,1446 249,1446 246,1446 244,1446 241,1446 241,1449 210,1467 182,1454 179,1454 177,1454 95,1459 102,1513"/>
        <Baseline points="102,1513 712,1456 1138,1400 1414,1382"/>
        <TextEquiv conf="0.9774196198646058">
          <Unicode>ascendere coege Et quia se propter intcrpositum</Unicode>
        </TextEquiv>
      </TextLine>

      
      
      <TextLine id="eSc_line_d90ca8cb" custom="structure {type:default;}">
        <Coords points="732,1541 850,1518 940,1523 961,1523 964,1523 1007,1515 1120,1495 1141,1503 1149,1505 1151,1505 1154,1505 1156,1505 1159,1505 1159,1503 1162,1503 1162,1500 1169,1490 1198,1497 1218,1500 1221,1500 1419,1472 1419,1444 1411,1405 1241,1426 1216,1423 1159,1418 1156,1418 1154,1418 1151,1418 1133,1431 1128,1436 1115,1433 1074,1426 1072,1426 948,1451 928,1454 917,1454 845,1446 843,1446 727,1472 732,1513"/>
        <Baseline points="732,1513 894,1487 1419,1444"/>
        <TextEquiv conf="0.9711753129959106">
          <Unicode>aere non poterant conjungere</Unicode>
        </TextEquiv>
      </TextLine>

      
      
      <TextLine id="eSc_line_fca08f98" custom="structure {type:default;}">
        <Coords points="149,1593 614,1559 614,1526 609,1482 141,1521 146,1562"/>
        <Baseline points="146,1562 614,1526"/>
        <TextEquiv conf="0.9696950800716877">
          <Unicode>vitrum cum commo</Unicode>
        </TextEquiv>
      </TextLine>

      
      
      <TextLine id="eSc_line_90fffa3b" custom="structure {type:default;}">
        <Coords points="113,1659 275,1629 311,1641 313,1641 316,1641 326,1641 434,1618 529,1618 532,1618 534,1618 537,1618 539,1618 568,1600 606,1611 614,1613 617,1613 619,1613 622,1613 640,1608 686,1590 904,1580 938,1577 940,1577 943,1577 966,1562 1074,1562 1108,1562 1110,1562 1141,1557 1180,1546 1185,1551 1192,1557 1195,1557 1198,1557 1200,1557 1203,1557 1252,1544 1308,1528 1331,1536 1347,1541 1349,1541 1352,1541 1414,1526 1411,1497 1406,1464 1344,1456 1342,1456 1213,1480 1180,1487 105,1575 110,1621"/>
        <Baseline points="110,1621 419,1600 894,1541 1411,1497"/>
        <TextEquiv conf="0.9802437216043473">
          <Unicode>ideo in summo vitri fastigio conglobatae novum aerem consti–</Unicode>
        </TextEquiv>
      </TextLine>

      
      
      <TextLine id="eSc_line_eedceca5" custom="structure {type:default;}">
        <Coords points="110,1703 326,1695 326,1665 318,1623 105,1639 110,1680"/>
        <Baseline points="110,1680 326,1665"/>
        <TextEquiv conf="0.9965952890259879">
          <Unicode>tuebant</Unicode>
        </TextEquiv>
      </TextLine>

      
      
      <TextLine id="eSc_line_95b6795b" custom="structure {type:default;}">
        <Coords points="532,1659 609,1670 611,1670 614,1670 673,1647 707,1659 709,1659 712,1659 850,1634 907,1639 910,1639 912,1639 969,1613 971,1613 1010,1629 1012,1629 1015,1629 1018,1629 1020,1629 1051,1605 1051,1603 1054,1603 1378,1590 1380,1590 1383,1590 1383,1587 1403,1567 1403,1554 1396,1515 527,1595 532,1636"/>
        <Baseline points="532,1636 1120,1572 1403,1554"/>
        <TextEquiv conf="0.9549590410330356">
          <Unicode>lohandum post quot dies surrexeut carpa</Unicode>
        </TextEquiv>
      </TextLine>

      
      
      <TextLine id="eSc_line_751b68fb" custom="structure {type:default;}">
        <Coords points="1383,1557 1362,1572 1159,1572 1156,1572 1154,1572 1151,1572 1123,1593 1051,1582 1048,1582 1046,1582 1043,1582 1012,1608 778,1616 776,1616 719,1636 678,1626 676,1626 673,1626 671,1626 668,1626 668,1629 665,1629 655,1644 601,1647 565,1634 539,1636 529,1621 480,1623 336,1636 334,1636 331,1636 331,1639 313,1652 311,1667 300,1667 295,1675 79,1682 84,1724 87,1752 298,1744 416,1724 462,1716 509,1716 653,1716 653,1713 768,1690 802,1685 807,1688 827,1698 830,1698 832,1698 930,1677 951,1672 961,1675 1005,1682 1007,1682 1010,1682 1038,1667 1046,1665 1072,1665 1216,1665 1218,1665 1221,1665 1223,1665 1249,1647 1252,1647 1257,1647 1306,1657 1308,1657 1416,1631 1416,1608 1401,1544 1385,1554 1385,1557"/>
        <Baseline points="84,1724 619,1682 1036,1634 1416,1608"/>
        <TextEquiv conf="0.9710856456505624">
          <Unicode>an item permanserit natans. Nota: ex his colligi rationis</Unicode>
        </TextEquiv>
      </TextLine>

      
      
      <TextLine id="eSc_line_4e47da30" custom="structure {type:default;}">
        <Coords points="92,1796 429,1785 431,1785 491,1767 501,1765 519,1765 629,1770 632,1770 635,1770 665,1754 760,1760 763,1760 766,1760 848,1736 866,1734 874,1736 917,1747 920,1747 922,1747 925,1747 928,1747 928,1744 946,1729 948,1729 982,1742 984,1742 987,1742 989,1742 1028,1724 1033,1721 1038,1721 1092,1734 1095,1734 1097,1734 1100,1734 1100,1731 1102,1731 1110,1721 1146,1729 1149,1729 1151,1729 1154,1729 1154,1726 1156,1726 1167,1711 1177,1711 1252,1716 1254,1716 1257,1716 1259,1716 1259,1713 1262,1713 1270,1703 1270,1700 1414,1690 1414,1667 1408,1623 87,1736 92,1767"/>
        <Baseline points="92,1767 493,1747 953,1695 1414,1667"/>
        <TextEquiv conf="0.9745891988277435">
          <Unicode>veras cohationis, ete frigoris. Calore agitatus aer aquae miscetur</Unicode>
        </TextEquiv>
      </TextLine>

      
      
      <TextLine id="eSc_line_79d4e21a" custom="structure {type:default;}">
        <Coords points="77,1862 431,1842 434,1842 437,1842 447,1834 457,1829 485,1832 532,1834 534,1834 537,1834 563,1824 586,1816 617,1819 655,1824 658,1824 660,1824 683,1814 707,1803 727,1811 748,1816 750,1816 753,1816 755,1816 789,1803 830,1790 856,1798 876,1806 879,1806 881,1806 953,1790 1025,1772 1090,1772 1097,1778 1102,1783 1102,1785 1105,1785 1108,1785 1110,1785 1113,1785 1133,1775 1154,1765 1185,1770 1223,1778 1226,1778 1228,1778 1262,1765 1285,1754 1306,1760 1344,1770 1347,1770 1349,1770 1352,1770 1354,1770 1354,1767 1370,1754 1375,1749 1414,1749 1416,1721 1411,1688 1370,1677 1367,1677 1365,1677 1120,1708 1038,1718 982,1718 876,1716 874,1716 871,1716 820,1729 776,1742 69,1778 74,1819"/>
        <Baseline points="74,1819 341,1808 1416,1721"/>
        <TextEquiv conf="0.9727850411389325">
          <Unicode>subtiliter, frigore, cessat mietio et subactio ac proinde motus varius par</Unicode>
        </TextEquiv>
      </TextLine>

      
      
      <TextLine id="eSc_line_43ab4f12" custom="structure {type:default;}">
        <Coords points="87,1911 1416,1793 1416,1772 1411,1739 79,1839 84,1873"/>
        <Baseline points="84,1873 311,1865 1416,1772"/>
        <TextEquiv conf="0.954010274599899">
          <Unicode>tium, sed motu generali comprimuntur, connectunturque tum later. b</Unicode>
        </TextEquiv>
      </TextLine>

      
      
      <TextLine id="eSc_line_dcee6058" custom="structure {type:default;}">
        <Coords points="1324,1780 1262,1798 1174,1793 1172,1793 1146,1796 1120,1798 1095,1801 1069,1803 1043,1806 1036,1806 95,1893 100,1924 102,1957 280,1955 367,1939 411,1932 429,1934 501,1947 503,1947 629,1924 768,1924 771,1924 773,1924 776,1924 799,1906 814,1898 866,1901 961,1909 964,1909 1108,1891 1110,1891 1126,1883 1149,1870 1223,1875 1298,1880 1300,1880 1303,1880 1306,1880 1321,1867 1342,1855 1416,1860 1419,1821 1414,1785 1329,1780 1326,1780"/>
        <Baseline points="100,1924 416,1909 1419,1821"/>
        <TextEquiv conf="0.9565557996991655">
          <Unicode>tum inter se: aer quoque interceptus se conjungit, hinc bullae ingentes</Unicode>
        </TextEquiv>
      </TextLine>

      
      
      <TextLine id="eSc_line_d0318ac7" custom="structure {type:default;}">
        <Coords points="352,1916 195,1942 95,1927 97,1978 97,2009 239,2009 277,2027 280,2027 282,2027 285,2027 352,2006 377,1999 403,2004 475,2019 478,2019 814,2004 817,2004 840,1991 848,1988 915,1988 987,1991 989,1991 992,1991 1010,1986 1082,1968 1131,1983 1133,1983 1136,1983 1138,1983 1141,1983 1167,1965 1216,1975 1218,1975 1221,1975 1223,1975 1241,1957 1326,1955 1457,1973 1457,1921 1452,1883 1120,1878 1118,1878 1046,1896 997,1906 976,1896 953,1885 951,1885 948,1885 946,1885 915,1898 884,1914 586,1914 583,1914 581,1914 578,1914 557,1927 437,1914 398,1911 395,1911"/>
        <Baseline points="97,1978 645,1973 1457,1921"/>
        <TextEquiv conf="0.9529021286538669">
          <Unicode>quae exargunt 3 cap. 1. Recipienti cucurbitam superpoxas</Unicode>
        </TextEquiv>
      </TextLine>

      
      
      <TextLine id="eSc_line_dc633bab" custom="structure {type:default;}">
        <Coords points="102,2124 164,2099 215,2114 218,2114 221,2114 223,2114 226,2114 262,2094 444,2094 465,2094 467,2094 470,2094 473,2094 473,2091 511,2070 578,2083 588,2083 591,2083 593,2083 604,2081 658,2063 745,2068 758,2068 760,2068 763,2068 766,2068 766,2065 768,2065 784,2045 1082,2027 1102,2037 1105,2037 1108,2037 1110,2037 1113,2037 1115,2037 1115,2035 1133,2017 1205,2011 1249,2024 1262,2027 1264,2027 1267,2027 1270,2027 1295,2019 1372,1999 1434,2006 1437,1975 1432,1932 1033,1952 974,1965 933,1973 894,1970 850,1968 848,1968 845,1968 827,1975 812,1983 802,1978 791,1973 789,1973 786,1973 745,1981 696,1993 678,1986 668,1983 665,1983 663,1983 617,1991 539,2006 501,2001 485,1999 483,1999 480,1999 473,2001 447,2014 377,2009 359,2009 357,2009 331,2011 231,2032 92,2032 97,2078"/>
        <Baseline points="97,2078 1203,1983 1437,1975"/>
        <TextEquiv conf="0.9835340234271267">
          <Unicode>Epistomium communeaperias aer eucurbitae in recipienterus</Unicode>
        </TextEquiv>
      </TextLine>

      
      
      <TextLine id="eSc_line_45f820fe" custom="structure {type:default;}">
        <Coords points="102,2166 233,2173 236,2173 239,2173 308,2153 316,2150 329,2150 429,2158 431,2158 434,2158 516,2137 537,2132 550,2135 601,2142 604,2142 606,2142 609,2142 629,2127 637,2122 653,2127 673,2132 676,2132 678,2132 681,2132 683,2132 683,2130 691,2124 699,2114 776,2112 791,2117 822,2127 825,2127 827,2127 922,2119 925,2119 928,2119 928,2117 930,2117 938,2106 1054,2109 1056,2109 1059,2109 1061,2109 1082,2096 1097,2086 1164,2088 1218,2091 1221,2091 1267,2081 1316,2070 1331,2078 1349,2086 1352,2086 1354,2086 1357,2086 1360,2086 1378,2073 1390,2065 1437,2068 1439,2040 1432,1988 95,2091 100,2130"/>
        <Baseline points="100,2130 429,2114 1226,2045 1439,2040"/>
        <TextEquiv conf="0.9716523991477105">
          <Unicode>exhausrum instar venti descendet, fortiter flabit, et in fundo</Unicode>
        </TextEquiv>
      </TextLine>

      
      
      <TextLine id="eSc_line_14c705af" custom="structure {type:default;}">
        <Coords points="105,2235 131,2253 133,2253 136,2253 138,2253 141,2253 239,2220 326,2237 329,2237 331,2237 424,2204 426,2202 527,2196 555,2209 557,2209 560,2209 660,2191 704,2207 707,2207 709,2207 712,2207 776,2184 894,2191 897,2191 899,2191 902,2191 933,2166 935,2163 938,2166 987,2184 989,2184 992,2184 994,2184 1061,2163 1146,2171 1149,2171 1151,2171 1192,2148 1210,2163 1210,2166 1213,2166 1216,2166 1218,2166 1254,2163 1257,2163 1259,2163 1288,2137 1290,2135 1298,2137 1339,2148 1342,2148 1344,2148 1439,2124 1439,2096 1434,2055 1383,2050 1380,2050 1378,2050 1339,2063 1326,2068 1316,2065 1288,2055 1285,2055 1282,2055 1280,2055 1246,2070 1231,2076 1221,2073 1192,2063 1190,2063 1187,2063 1185,2063 1144,2078 1115,2088 773,2114 694,2109 647,2106 645,2106 642,2106 622,2114 581,2130 542,2119 529,2117 527,2117 524,2117 521,2117 501,2122 442,2140 393,2130 385,2130 383,2130 380,2130 377,2130 377,2132 357,2148 311,2137 303,2135 300,2135 298,2135 295,2135 285,2137 233,2158 213,2145 210,2145 208,2145 205,2145 97,2150 102,2204"/>
        <Baseline points="102,2204 1439,2096"/>
        <TextEquiv conf="0.92721082843267">
          <Unicode>res immossas ut lapillulos avellauas ce, dissispabit</Unicode>
        </TextEquiv>
      </TextLine>

      
      
      <TextLine id="eSc_line_a6badb72" custom="structure {type:default;}">
        <Coords points="102,2317 159,2315 161,2315 164,2315 164,2312 167,2312 179,2297 236,2307 239,2307 241,2307 282,2286 321,2299 323,2299 326,2299 329,2299 380,2276 485,2284 488,2284 491,2284 493,2284 547,2258 861,2250 876,2248 879,2248 881,2248 907,2227 1095,2227 1095,2225 1097,2225 1154,2204 1228,2214 1231,2214 1234,2214 1318,2207 1329,2204 1331,2204 1334,2204 1334,2202 1352,2189 1362,2199 1365,2199 1367,2199 1370,2199 1439,2194 1437,2155 1424,2106 1406,2122 1318,2117 1288,2117 1285,2117 1282,2117 1280,2117 1275,2122 1254,2137 1200,2127 1190,2127 1187,2127 1185,2127 1169,2132 1090,2153 961,2150 928,2150 925,2150 922,2150 902,2155 817,2178 778,2166 773,2166 771,2166 768,2166 766,2166 758,2168 704,2189 663,2178 655,2176 653,2176 650,2176 647,2176 640,2178 593,2199 503,2191 485,2191 483,2191 480,2191 473,2194 426,2217 323,2225 300,2209 298,2209 295,2209 293,2209 290,2209 287,2209 285,2212 259,2230 231,2217 228,2217 226,2217 223,2217 221,2217 143,2240 95,2230 100,2271"/>
        <Baseline points="100,2271 269,2266 1437,2155"/>
        <TextEquiv conf="0.9672623397940296">
          <Unicode>et projiciet. Lora vero ex hac subitanea aeris insuperioris</Unicode>
        </TextEquiv>
      </TextLine>

      
      
      <TextLine id="eSc_line_2a14ea10" custom="structure {type:default;}">
        <Coords points="277,2268 275,2268 269,2276 264,2284 113,2289 118,2333 125,2374 154,2356 210,2366 215,2366 218,2366 239,2363 359,2343 493,2343 542,2343 542,2340 545,2340 552,2335 581,2322 596,2333 599,2335 601,2335 604,2335 606,2335 609,2335 624,2330 686,2309 709,2322 712,2325 714,2325 717,2325 719,2325 722,2325 732,2320 773,2302 817,2315 830,2317 832,2317 835,2317 892,2307 1030,2279 1092,2276 1113,2289 1120,2294 1133,2291 1144,2286 1164,2268 1416,2261 1416,2230 1408,2176 1349,2178 1347,2178 1344,2178 1342,2181 1313,2202 1100,2202 1025,2204 1023,2204 1010,2209 984,2225 928,2217 897,2214 894,2214 892,2214 889,2214 879,2222 858,2235 799,2230 776,2227 773,2227 771,2227 753,2232 725,2243 714,2237 707,2230 704,2230 701,2230 699,2230 696,2230 694,2230 678,2240 665,2248 645,2243 627,2237 624,2237 622,2237 619,2237 617,2237 617,2240 609,2245 599,2255 573,2250 539,2243 537,2243 534,2243 532,2243 516,2253 498,2263 444,2261 388,2258 385,2258 383,2258 380,2258 380,2261 377,2261 372,2266 367,2273 334,2271 287,2266 277,2266"/>
        <Baseline points="118,2333 1416,2230"/>
        <TextEquiv conf="0.9680463383595149">
          <Unicode>vitro dilatatione et descensu in inferius aer retiduus valde</Unicode>
        </TextEquiv>
      </TextLine>

      
      
      <TextLine id="eSc_line_71a6bd73" custom="structure {type:default;}">
        <Coords points="843,2289 840,2289 835,2289 789,2281 786,2281 784,2281 725,2299 709,2302 704,2299 689,2291 686,2291 683,2291 681,2291 637,2304 622,2309 609,2307 570,2302 568,2302 565,2302 563,2302 550,2312 547,2317 200,2343 197,2343 172,2333 169,2333 167,2333 89,2351 95,2387 97,2422 326,2407 329,2407 331,2407 331,2405 334,2405 334,2402 341,2394 365,2399 380,2402 383,2402 385,2402 398,2397 434,2384 542,2384 617,2384 619,2384 622,2384 665,2374 717,2358 848,2358 1000,2353 1002,2353 1051,2340 1077,2333 1095,2335 1138,2343 1141,2343 1218,2325 1241,2320 1259,2320 1326,2327 1329,2327 1331,2327 1334,2327 1334,2325 1336,2325 1347,2312 1347,2309 1426,2304 1426,2273 1421,2240 912,2284 902,2284 863,2276 861,2276 858,2276 856,2276"/>
        <Baseline points="95,2387 532,2358 712,2330 1426,2273"/>
        <TextEquiv conf="0.9718668667169718">
          <Unicode>alteratur et minuitur amultum autem aeris iplus humi</Unicode>
        </TextEquiv>
      </TextLine>

      
      
      <TextLine id="eSc_line_e0cae91d" custom="structure {type:default;}">
        <Coords points="97,2479 254,2482 257,2482 259,2482 316,2464 352,2451 385,2456 437,2466 439,2466 442,2466 444,2466 467,2451 483,2440 550,2443 660,2448 663,2448 665,2448 748,2428 766,2422 776,2425 814,2435 817,2435 820,2435 822,2435 858,2417 879,2407 892,2415 904,2425 907,2425 910,2425 912,2425 1007,2420 1105,2397 1164,2381 1311,2374 1321,2379 1336,2387 1339,2387 1342,2387 1344,2387 1367,2376 1385,2366 1396,2374 1401,2379 1403,2379 1406,2379 1408,2379 1411,2379 1442,2369 1439,2335 1432,2286 1159,2325 971,2325 915,2327 889,2333 817,2351 799,2340 791,2338 789,2338 786,2338 660,2348 658,2348 655,2348 647,2353 627,2369 498,2369 424,2369 421,2369 419,2369 403,2376 377,2389 92,2402 97,2446"/>
        <Baseline points="97,2446 1439,2335"/>
        <TextEquiv conf="0.9532445164050086">
          <Unicode>ditatis continere ptes quam param, ideoque relinquit  inibi</Unicode>
        </TextEquiv>
      </TextLine>

      
      
      <TextLine id="eSc_line_2f25fcfa" custom="structure {type:default;}">
        <Coords points="1079,2392 1043,2384 1025,2379 1023,2379 1020,2379 1018,2379 997,2387 958,2402 904,2394 874,2392 871,2392 868,2392 853,2399 827,2412 773,2405 755,2405 753,2405 727,2410 637,2430 622,2417 619,2415 617,2415 614,2415 611,2415 578,2422 529,2433 503,2428 485,2425 483,2425 480,2425 465,2430 421,2448 359,2440 336,2438 334,2438 303,2446 213,2466 156,2456 146,2456 143,2456 141,2456 138,2456 138,2458 136,2458 120,2474 84,2464 87,2512 89,2548 331,2538 334,2538 380,2523 401,2515 421,2518 475,2525 478,2525 480,2525 521,2507 537,2502 560,2505 622,2512 624,2512 627,2512 629,2512 655,2494 665,2489 696,2492 763,2497 766,2497 876,2474 928,2464 943,2469 984,2482 987,2482 989,2482 992,2482 994,2482 1015,2466 1028,2476 1030,2476 1033,2476 1036,2476 1038,2476 1041,2476 1041,2474 1059,2456 1064,2453 1072,2456 1100,2464 1102,2464 1105,2464 1429,2420 1429,2389 1421,2353"/>
        <Baseline points="87,2512 1066,2433 1429,2389"/>
        <TextEquiv conf="0.9798251758922231">
          <Unicode>aer superfluam suam humiditatem, quae oculariter videri</Unicode>
        </TextEquiv>
      </TextLine>

      
      
      <TextLine id="eSc_line_8379b7c5" custom="structure {type:default;}">
        <Coords points="87,2615 174,2590 275,2597 280,2597 282,2597 285,2597 287,2597 357,2577 419,2584 424,2584 426,2584 429,2584 431,2584 460,2564 645,2564 645,2561 647,2561 683,2543 868,2543 904,2543 904,2541 907,2541 910,2541 912,2538 935,2525 1012,2528 1030,2528 1033,2528 1036,2528 1038,2528 1038,2525 1056,2507 1411,2489 1411,2451 1403,2405 1221,2433 1156,2428 1151,2428 1149,2428 1146,2428 1144,2428 1105,2443 1069,2435 1064,2435 1061,2435 1059,2435 1056,2435 1056,2438 1054,2438 1046,2448 966,2446 946,2446 943,2446 940,2446 938,2446 938,2448 935,2448 928,2458 879,2453 861,2453 858,2453 832,2458 763,2476 573,2492 557,2484 547,2482 545,2482 542,2482 539,2482 537,2482 527,2487 509,2500 77,2530 82,2572"/>
        <Baseline points="82,2572 1411,2451"/>
        <TextEquiv conf="0.9760426146085145">
          <Unicode>potest in guttulis minimis, quae pedetentim ad fundum descen–</Unicode>
        </TextEquiv>
      </TextLine>

      
      
      <TextLine id="eSc_line_6bdc5aac" custom="structure {type:default;}">
        <Coords points="74,2664 221,2664 221,2661 223,2661 264,2643 282,2638 295,2641 331,2651 334,2651 336,2651 339,2651 393,2633 408,2628 424,2631 478,2638 480,2638 483,2638 514,2620 521,2618 534,2620 578,2625 581,2625 583,2625 637,2610 658,2605 668,2607 712,2618 714,2618 717,2618 976,2577 1005,2574 1007,2574 1025,2590 1028,2590 1030,2590 1033,2590 1354,2561 1357,2561 1360,2561 1360,2559 1362,2559 1375,2543 1416,2551 1419,2551 1421,2551 1424,2551 1437,2536 1437,2510 1429,2469 67,2587 67,2594 71,2631"/>
        <Baseline points="71,2631 1437,2510"/>
        <TextEquiv conf="0.9725146468343406">
          <Unicode>dient (+, nota usus in N. 1) Aer enim compressior plunquae</Unicode>
        </TextEquiv>
      </TextLine>

      
      
      <TextLine id="eSc_line_0bcffb00" custom="structure {type:default;}">
        <Coords points="82,2715 354,2703 357,2703 359,2703 377,2690 380,2687 390,2687 439,2695 442,2695 444,2695 447,2695 462,2682 467,2679 475,2679 529,2687 532,2687 534,2687 537,2687 557,2672 570,2664 581,2672 588,2677 591,2677 593,2677 596,2677 717,2672 719,2672 778,2651 807,2643 835,2646 894,2656 897,2656 899,2656 902,2656 925,2638 935,2633 961,2636 1012,2641 1015,2641 1018,2641 1041,2628 1051,2623 1069,2625 1136,2636 1138,2636 1141,2636 1144,2636 1172,2615 1180,2613 1223,2613 1370,2613 1370,2610 1372,2610 1421,2592 1421,2574 1414,2533 948,2574 933,2574 866,2569 863,2569 704,2595 681,2597 678,2597 655,2587 653,2587 650,2587 647,2587 596,2605 588,2605 575,2605 473,2602 470,2602 326,2628 318,2628 295,2618 293,2618 290,2618 74,2649 79,2687"/>
        <Baseline points="79,2687 796,2618 1421,2574"/>
        <TextEquiv conf="0.9706048095226287">
          <Unicode>continere potest. aec tanto magis apparent, quanto</Unicode>
        </TextEquiv>
      </TextLine>

      
      
      <TextLine id="eSc_line_35dff6f8" custom="structure {type:default;}">
        <Coords points="74,2762 354,2754 357,2754 359,2754 359,2751 362,2751 370,2741 372,2739 385,2739 452,2746 455,2746 457,2746 514,2728 519,2728 527,2728 609,2733 611,2733 614,2733 647,2718 658,2713 701,2713 809,2715 812,2715 814,2715 848,2700 863,2695 892,2697 928,2700 930,2700 984,2690 1023,2682 1054,2685 1146,2690 1149,2690 1151,2690 1221,2669 1244,2661 1426,2651 1426,2625 1421,2587 69,2695 74,2736"/>
        <Baseline points="74,2736 1426,2625"/>
        <TextEquiv conf="0.9721859794742657">
          <Unicode>magis vitrum interne, humoribus refertum est Tunc cum</Unicode>
        </TextEquiv>
      </TextLine>

      
      
      <TextLine id="eSc_line_c958147a" custom="structure {type:default;}">
        <Coords points="115,2836 169,2813 190,2828 192,2831 195,2831 197,2831 200,2831 246,2828 249,2828 251,2828 251,2826 254,2826 257,2821 267,2810 357,2810 442,2810 444,2810 447,2810 449,2810 467,2798 483,2790 503,2795 534,2803 537,2803 539,2803 542,2803 583,2787 611,2775 632,2780 645,2785 647,2785 650,2785 653,2785 655,2785 665,2777 689,2759 791,2751 848,2757 930,2767 933,2767 935,2767 938,2767 974,2744 992,2733 1005,2741 1038,2757 1041,2757 1043,2757 1046,2757 1048,2757 1082,2733 1087,2728 1090,2731 1123,2749 1126,2749 1128,2749 1244,2739 1246,2739 1249,2739 1282,2718 1316,2728 1318,2728 1321,2728 1324,2728 1419,2695 1419,2679 1411,2638 105,2757 110,2792"/>
        <Baseline points="110,2792 1195,2692 1419,2679"/>
        <TextEquiv conf="0.980585293949775">
          <Unicode>pluvst copiosiores exurgunt bulla, ita ut (praesertim</Unicode>
        </TextEquiv>
      </TextLine>

      
      
      <TextLine id="eSc_line_cf07ee1f" custom="structure {type:default;}">
        <Coords points="1282,2697 1280,2697 1277,2697 1275,2697 1246,2715 1241,2718 1234,2715 1198,2705 1195,2705 1192,2705 1190,2705 1146,2723 1131,2728 1120,2726 1087,2715 1084,2715 1082,2715 1079,2715 1077,2715 1077,2718 1074,2718 1066,2728 1064,2733 1048,2731 1023,2726 1020,2726 951,2739 879,2751 866,2744 858,2739 856,2739 853,2739 850,2739 848,2739 845,2739 835,2746 825,2754 786,2751 737,2746 735,2746 732,2746 730,2746 719,2757 707,2764 696,2757 694,2754 691,2754 689,2754 686,2754 683,2754 681,2754 676,2759 660,2769 622,2764 593,2759 591,2759 588,2759 570,2767 534,2782 498,2772 483,2769 480,2769 478,2769 475,2769 473,2769 465,2775 439,2792 264,2792 262,2792 259,2792 257,2792 241,2808 228,2798 226,2798 223,2798 221,2798 218,2798 136,2818 84,2805 87,2857 89,2898 295,2864 331,2875 341,2877 344,2877 347,2877 485,2864 488,2864 521,2854 578,2836 730,2834 892,2828 894,2828 925,2813 940,2805 1064,2795 1123,2795 1290,2795 1290,2792 1293,2792 1295,2792 1321,2775 1326,2769 1401,2764 1401,2739 1396,2705"/>
        <Baseline points="87,2857 1401,2739"/>
        <TextEquiv conf="0.9753082791964213">
          <Unicode>quando Epistomium Crcurbitae sic evacuatae in aquan</Unicode>
        </TextEquiv>
      </TextLine>

      
      
      <TextLine id="eSc_line_d7035043" custom="structure {type:default;}">
        <Coords points="92,2947 239,2952 241,2952 244,2952 298,2929 308,2926 331,2926 457,2934 460,2934 462,2934 509,2913 565,2924 568,2924 570,2924 573,2924 573,2921 591,2903 591,2900 650,2898 660,2898 763,2908 766,2908 768,2908 771,2908 796,2888 850,2900 853,2900 856,2900 1030,2864 1038,2864 1041,2864 1082,2880 1084,2880 1087,2880 1162,2875 1164,2875 1226,2849 1298,2854 1300,2854 1303,2854 1331,2841 1357,2857 1360,2857 1362,2857 1365,2857 1367,2857 1370,2857 1396,2834 1396,2808 1388,2757 1277,2780 1149,2777 1126,2777 1123,2777 1120,2777 1118,2777 1115,2780 1097,2792 961,2792 922,2795 920,2795 915,2798 879,2813 794,2808 778,2808 776,2808 773,2808 766,2810 727,2826 663,2821 640,2818 637,2818 635,2818 632,2818 627,2823 609,2834 532,2831 503,2831 501,2831 498,2831 496,2831 496,2834 493,2834 480,2849 84,2870 89,2913"/>
        <Baseline points="89,2913 660,2875 1223,2816 1396,2808"/>
        <TextEquiv conf="0.9697293550410169">
          <Unicode>umittitur aperitur tunc enim insurbet aquam, et</Unicode>
        </TextEquiv>
      </TextLine>

      
      
      <TextLine id="eSc_line_de49ce29" custom="structure {type:default;}">
        <Coords points="113,3001 1439,2895 1439,2870 1432,2823 1372,2841 1293,2834 1275,2834 1272,2834 1252,2839 1167,2859 1056,2864 1043,2854 1041,2852 1038,2852 1036,2852 1033,2852 1030,2852 1018,2857 984,2870 953,2862 940,2859 938,2859 935,2859 933,2859 922,2864 897,2880 755,2880 660,2880 658,2880 606,2890 550,2906 347,2918 326,2913 300,2908 298,2908 295,2908 293,2908 264,2918 246,2926 231,2921 210,2916 208,2916 205,2916 105,2931 110,2970"/>
        <Baseline points="110,2970 1439,2870"/>
        <TextEquiv conf="0.9688588380813599">
          <Unicode>diffundit cum impetu per totum vitrum aeremqus in–</Unicode>
        </TextEquiv>
      </TextLine>

      
      
      <TextLine id="eSc_line_31e4eb42" custom="structure {type:default;}">
        <Coords points="125,3060 555,3037 557,3037 565,3034 591,3021 627,3029 642,3031 645,3031 647,3031 650,3031 650,3029 653,3026 665,3013 748,3008 796,3019 807,3019 809,3019 835,3013 925,2998 1002,3003 1020,3003 1023,3003 1025,3003 1028,3003 1028,3001 1046,2988 1146,2993 1159,2993 1162,2993 1177,2990 1306,2967 1429,2972 1432,2942 1426,2895 1331,2885 1329,2885 1326,2885 1264,2906 1259,2906 1254,2906 1195,2895 1192,2895 1190,2895 1156,2913 1154,2913 1128,2900 1126,2900 1123,2900 1120,2900 1064,2918 1051,2921 1025,2921 917,2916 915,2916 912,2916 850,2934 840,2934 822,2934 712,2931 709,2931 707,2931 683,2944 673,2949 624,2947 537,2944 534,2944 532,2944 529,2944 514,2954 501,2962 473,2957 434,2952 431,2952 429,2952 393,2962 362,2975 120,2980 125,3031"/>
        <Baseline points="125,3031 933,2960 1432,2942"/>
        <TextEquiv conf="0.9512692364779386">
          <Unicode>lusum longe humidiorem facit) nebulam constituunt; quae</Unicode>
        </TextEquiv>
      </TextLine>

      
      
      <TextLine id="eSc_line_c93711a1" custom="structure {type:default;}">
        <Coords points="143,3124 151,3114 161,3121 164,3127 167,3127 169,3127 172,3127 269,3116 272,3116 275,3116 275,3114 277,3114 295,3098 341,3106 370,3111 372,3111 375,3111 406,3101 449,3088 491,3093 527,3098 529,3098 532,3098 534,3098 534,3096 537,3096 542,3091 550,3078 575,3085 599,3093 601,3093 604,3093 606,3093 629,3083 653,3070 707,3075 766,3080 768,3080 820,3075 822,3075 825,3075 825,3073 835,3065 843,3055 894,3060 966,3065 969,3065 971,3065 1020,3047 1046,3039 1092,3042 1185,3047 1187,3047 1190,3047 1192,3047 1213,3031 1218,3026 1228,3029 1262,3042 1264,3042 1267,3042 1270,3042 1272,3042 1272,3039 1288,3024 1398,3013 1398,2990 1393,2954 1316,2949 1313,2949 1131,2972 1095,2977 1087,2977 1048,2967 1046,2967 1043,2967 1041,2967 1038,2967 1038,2970 1025,2980 1023,2983 994,2983 904,2980 902,2980 838,2993 796,3001 773,2998 732,2990 730,2990 619,3008 532,3021 516,3013 501,3008 498,3008 496,3008 493,3008 473,3019 452,3029 131,3039 136,3088"/>
        <Baseline points="136,3088 1398,2990"/>
        <TextEquiv conf="0.9128756729039279">
          <Unicode>per intromissionem aliu atus, aliquant; in nubes distri</Unicode>
        </TextEquiv>
      </TextLine>

      
      
      <TextLine id="eSc_line_e7c39cf4" custom="structure {type:default;}">
        <Coords points="138,3180 244,3173 246,3173 249,3173 249,3170 251,3170 262,3155 308,3168 311,3168 313,3168 316,3168 339,3165 465,3145 509,3150 524,3152 527,3152 529,3152 537,3147 570,3132 709,3134 773,3134 776,3134 778,3134 781,3134 781,3132 784,3132 786,3127 796,3116 840,3124 871,3127 874,3127 876,3127 879,3127 886,3119 899,3111 938,3114 984,3119 987,3119 989,3119 1033,3106 1074,3096 1162,3096 1234,3096 1236,3096 1239,3096 1262,3088 1282,3080 1306,3083 1349,3091 1352,3091 1457,3070 1457,3042 1450,3003 133,3101 136,3137"/>
        <Baseline points="136,3137 1457,3042"/>
        <TextEquiv conf="0.9921650577049989">
          <Unicode>bui potest. Nam quando Eistomia clauduntur, et vitra</Unicode>
        </TextEquiv>
      </TextLine>

      
      
      <TextLine id="eSc_line_9235c2c0_a" custom="structure {type:default;}">
        <Coords points="97,3232 321,3206 527,3206 537,3206 537,3204 542,3204 660,3180 709,3191 712,3191 714,3191 717,3191 719,3191 719,3188 732,3175 1221,3155 1262,3152 1264,3152 1267,3152 1306,3134 1398,3142 1406,3142 1408,3142 1419,3142 1480,3131 1479,3092 1486,3051 1486,3050 187,3152 89,3142 95,3196"/>
        <Baseline points="95,3196 1365,3111 1479,3099"/>
        <TextEquiv conf="0.9865427977508969">
          <Unicode>ab invicem separantur, et cucurbitae Epistamium paulis</Unicode>
        </TextEquiv>
      </TextLine>

      
      
      <TextLine id="eSc_line_2bd28ecb" custom="structure {type:default;}">
        <Coords points="110,3296 210,3270 236,3286 239,3286 241,3286 244,3286 437,3270 439,3270 442,3270 442,3268 460,3252 542,3263 555,3263 557,3263 776,3245 778,3245 781,3245 781,3242 796,3229 822,3240 830,3242 832,3242 835,3242 838,3242 848,3237 876,3222 920,3232 938,3234 940,3234 1007,3224 1128,3206 1159,3211 1182,3216 1185,3216 1187,3216 1203,3209 1231,3193 1447,3188 1447,3160 1442,3124 1357,3116 1354,3116 1264,3134 1249,3137 1244,3137 1223,3127 1221,3127 1218,3127 1216,3127 1162,3142 1146,3145 1138,3142 1118,3134 1115,3134 1113,3134 1110,3134 1061,3147 1041,3155 100,3209 105,3252"/>
        <Baseline points="105,3252 581,3232 1447,3160"/>
        <TextEquiv conf="0.9689023196697235">
          <Unicode>per relaxatur, parumque aeris intromittitur, tunc nebula</Unicode>
        </TextEquiv>
      </TextLine>

      
      
      <TextLine id="eSc_line_e92b8ca8" custom="structure {type:default;}">
        <Coords points="1378,3168 1352,3170 1331,3170 1277,3180 1264,3183 1262,3183 1249,3175 1249,3178 1223,3180 1213,3180 1200,3186 1177,3196 1154,3191 1138,3186 1123,3188 1118,3188 1102,3193 1082,3201 1074,3196 1069,3193 1046,3193 1041,3193 1036,3198 1020,3211 935,3216 910,3209 902,3206 892,3206 866,3209 861,3209 856,3211 830,3222 812,3214 789,3216 771,3216 755,3232 707,3222 686,3224 660,3227 642,3227 575,3247 483,3240 467,3237 455,3240 437,3240 419,3242 272,3273 97,3268 102,3314 105,3350 254,3330 269,3340 280,3347 282,3347 285,3347 287,3347 408,3337 411,3337 413,3337 413,3335 424,3324 429,3322 460,3322 552,3324 555,3324 557,3324 624,3306 681,3294 717,3299 766,3306 768,3306 771,3306 807,3291 820,3286 827,3288 850,3299 853,3299 856,3299 951,3278 1010,3265 1059,3268 1108,3270 1110,3270 1113,3270 1115,3270 1123,3263 1133,3252 1447,3232 1447,3209 1442,3168 1411,3162 1403,3165"/>
        <Baseline points="102,3314 619,3288 1262,3216 1447,3209"/>
        <TextEquiv conf="0.9554586842948315">
          <Unicode>ista in nubes disperguu At si aer plene intromitti–</Unicode>
        </TextEquiv>
      </TextLine>

      
      
      <TextLine id="eSc_line_933c1d52" custom="structure {type:default;}">
        <Coords points="128,3422 185,3401 246,3412 267,3414 269,3414 272,3414 275,3414 275,3412 280,3409 300,3391 424,3396 465,3396 467,3396 509,3389 596,3368 622,3378 632,3381 635,3381 637,3381 722,3373 725,3373 740,3368 781,3347 840,3358 861,3360 863,3360 866,3360 886,3353 912,3345 961,3347 994,3347 997,3347 1000,3347 1002,3347 1002,3345 1005,3345 1005,3342 1012,3335 1056,3337 1090,3340 1092,3340 1095,3340 1097,3340 1102,3335 1120,3319 1141,3330 1144,3330 1146,3330 1149,3330 1151,3330 1236,3304 1406,3291 1450,3301 1452,3263 1444,3214 1280,3227 1277,3227 1275,3227 1275,3229 1272,3229 1262,3242 1172,3240 1144,3240 1141,3240 1138,3240 1120,3245 1051,3265 992,3258 987,3258 984,3258 982,3258 974,3260 907,3278 894,3268 894,3265 892,3265 889,3265 886,3265 884,3265 876,3268 850,3283 820,3276 807,3270 804,3270 802,3270 799,3270 796,3270 786,3278 766,3294 640,3294 586,3294 583,3294 581,3294 578,3294 578,3296 575,3296 575,3299 565,3312 316,3332 293,3327 267,3319 264,3319 262,3319 118,3342 123,3373"/>
        <Baseline points="123,3373 640,3347 1336,3268 1452,3263"/>
        <TextEquiv conf="0.9765870560098577">
          <Unicode>tur Epistomio velas ato, illico nubes vel nebulae eva–</Unicode>
        </TextEquiv>
      </TextLine>

      
      
      <TextLine id="eSc_line_5bc943f1" custom="structure {type:default;}">
        <Coords points="755,3335 745,3345 732,3355 696,3347 686,3347 683,3347 627,3353 434,3378 413,3371 403,3368 401,3368 398,3368 395,3368 380,3373 362,3383 349,3376 331,3368 329,3368 326,3368 323,3368 280,3383 254,3391 239,3386 205,3373 203,3373 200,3373 197,3373 161,3394 149,3399 105,3399 107,3432 110,3468 537,3450 539,3450 593,3432 601,3430 632,3430 812,3430 814,3430 817,3430 820,3430 848,3412 861,3407 907,3407 1056,3412 1059,3412 1185,3386 1210,3381 1221,3383 1272,3396 1275,3396 1277,3396 1280,3396 1344,3373 1354,3368 1460,3363 1460,3330 1455,3286 1216,3294 1213,3294 1164,3309 1154,3312 1146,3312 1118,3301 1115,3301 1113,3301 1110,3301 1108,3301 1108,3304 1095,3314 1082,3327 1054,3319 1023,3309 1020,3309 1018,3309 1015,3309 1012,3309 1012,3312 1000,3322 992,3330 925,3330 907,3330 904,3330 902,3330 897,3332 858,3347 817,3337 794,3332 768,3335"/>
        <Baseline points="107,3432 617,3409 948,3371 1460,3330"/>
        <TextEquiv conf="0.9544285282175592">
          <Unicode>nescunt, quia ab intrante aere absorbentur. Pom</Unicode>
        </TextEquiv>
      </TextLine>

      
      
      <TextLine id="eSc_line_8054b599" custom="structure {type:default;}">
        <Coords points="128,3543 190,3522 298,3527 300,3527 303,3527 563,3504 565,3504 568,3504 568,3502 570,3502 578,3489 619,3497 622,3497 624,3497 658,3479 745,3473 763,3486 766,3486 768,3486 771,3486 776,3486 889,3461 966,3468 969,3468 971,3468 976,3468 1090,3443 1131,3453 1133,3453 1136,3453 1138,3453 1141,3453 1159,3437 1239,3443 1241,3443 1385,3417 1460,3425 1462,3391 1455,3350 120,3461 125,3497"/>
        <Baseline points="125,3497 406,3481 1252,3401 1462,3391"/>
        <TextEquiv conf="0.9848251927573726">
          <Unicode>quando per breve tempus cucurbita haec una cum nebula</Unicode>
        </TextEquiv>
      </TextLine>

      
      
      <TextLine id="eSc_line_e0083851" custom="structure {type:default;}">
        <Coords points="118,3579 223,3576 246,3594 249,3594 251,3594 254,3594 257,3594 300,3574 347,3586 349,3586 352,3586 521,3574 524,3574 596,3545 599,3545 606,3545 740,3550 742,3550 925,3520 933,3520 935,3520 974,3532 976,3532 979,3532 982,3532 1025,3512 1028,3512 1082,3530 1084,3530 1087,3530 1190,3509 1375,3509 1375,3507 1378,3507 1450,3479 1450,3455 1444,3409 1344,3407 1342,3407 1339,3407 1336,3407 1321,3417 1306,3427 1282,3422 1254,3414 1252,3414 1249,3414 1246,3414 1244,3414 1244,3417 1241,3417 1236,3425 1228,3432 1203,3427 1180,3425 1177,3425 1133,3432 1102,3440 1079,3437 1018,3432 1015,3432 1012,3432 979,3448 969,3450 948,3450 879,3443 876,3443 874,3443 804,3461 776,3468 768,3463 750,3453 748,3453 745,3453 742,3453 645,3461 642,3461 606,3479 604,3479 581,3468 578,3468 575,3468 573,3468 570,3468 550,3481 539,3489 467,3489 290,3494 287,3494 246,3507 236,3509 231,3509 187,3497 185,3497 182,3497 179,3497 113,3517 118,3558"/>
        <Baseline points="118,3558 1450,3455"/>
        <TextEquiv conf="0.9624185046324363">
          <Unicode>servatur, posest luculenter videri descensus nebulae</Unicode>
        </TextEquiv>
      </TextLine>

      
      
      <TextLine id="eSc_line_40596f04" custom="structure {type:default;}">
        <Coords points="110,3648 223,3651 226,3651 228,3651 262,3638 290,3628 344,3633 416,3638 419,3638 534,3617 611,3604 632,3610 663,3620 665,3620 668,3620 671,3620 673,3620 689,3607 694,3604 699,3604 753,3615 755,3615 758,3615 794,3599 809,3592 835,3594 884,3602 886,3602 889,3602 920,3589 930,3584 938,3586 956,3599 958,3599 961,3599 964,3599 966,3599 1012,3581 1020,3579 1025,3581 1046,3594 1048,3594 1051,3594 1054,3594 1144,3589 1146,3589 1149,3589 1177,3568 1185,3563 1447,3548 1447,3525 1439,3471 1110,3507 1041,3497 1036,3497 1033,3497 1030,3497 1028,3497 979,3515 822,3512 807,3512 804,3512 794,3512 712,3532 624,3525 614,3525 611,3525 596,3527 460,3553 105,3558 110,3615"/>
        <Baseline points="110,3615 1447,3525"/>
        <TextEquiv conf="0.964265548520618">
          <Unicode>et separatio ejus ab aere sereniori potest etiam motus</Unicode>
        </TextEquiv>
      </TextLine>

      
      
      <TextLine id="eSc_line_954d3046" custom="structure {type:default;}">
        <Coords points="105,3702 133,3715 136,3715 138,3715 141,3715 190,3697 208,3710 210,3710 213,3710 215,3710 218,3710 259,3692 262,3692 280,3692 465,3692 467,3692 714,3674 717,3674 748,3658 758,3656 773,3658 825,3666 827,3666 910,3648 917,3648 928,3648 1025,3651 1028,3651 1030,3651 1033,3651 1033,3648 1043,3640 1048,3635 1066,3638 1115,3646 1118,3646 1120,3646 1144,3633 1154,3628 1172,3630 1203,3638 1205,3638 1208,3638 1210,3638 1226,3628 1239,3620 1439,3612 1439,3584 1434,3548 1306,3540 1303,3540 1300,3540 1259,3558 1257,3558 1252,3558 1198,3548 1195,3548 1192,3548 1156,3563 1151,3566 1131,3566 1015,3561 1012,3561 907,3579 868,3586 850,3584 804,3576 802,3576 799,3576 750,3589 725,3597 686,3594 619,3589 617,3589 614,3589 573,3602 542,3610 509,3604 480,3602 478,3602 475,3602 457,3610 434,3617 383,3612 334,3610 331,3610 329,3610 308,3617 285,3630 100,3630 105,3679"/>
        <Baseline points="105,3679 1439,3584"/>
        <TextEquiv conf="0.9875456398847152">
          <Unicode>vel undulatio in vitro cieri talis, qualem forsam</Unicode>
        </TextEquiv>
      </TextLine>

      
      
      <TextLine id="eSc_line_a43eddee" custom="structure {type:default;}">
        <Coords points="1336,3592 1326,3592 1252,3615 1149,3612 1146,3612 1144,3612 1141,3612 1126,3625 1048,3615 1046,3615 1043,3615 1041,3615 933,3640 850,3630 848,3630 845,3630 843,3630 843,3633 822,3651 671,3661 609,3653 606,3653 604,3653 601,3653 601,3656 599,3656 591,3669 467,3676 388,3666 385,3666 383,3666 341,3684 272,3674 269,3674 267,3674 264,3674 262,3674 231,3694 200,3682 197,3682 195,3682 82,3687 87,3743 89,3782 293,3751 380,3761 388,3761 390,3761 393,3761 398,3761 473,3738 573,3746 588,3746 591,3746 593,3746 596,3746 599,3743 624,3725 637,3738 640,3738 642,3738 645,3738 758,3717 807,3725 822,3728 825,3728 827,3728 840,3723 894,3705 966,3712 989,3715 992,3715 1154,3702 1156,3702 1159,3702 1159,3700 1162,3700 1164,3697 1174,3682 1457,3671 1457,3638 1447,3584 1370,3604 1342,3592 1339,3592"/>
        <Baseline points="87,3743 1457,3638"/>
        <TextEquiv conf="0.9751833059571006">
          <Unicode>halbent evaporationes in aere suprori, quod ad cognitio</Unicode>
        </TextEquiv>
      </TextLine>

      
      
      <TextLine id="eSc_line_e0bb9d3d" custom="structure {type:default;}">
        <Coords points="300,3728 264,3743 254,3748 107,3753 113,3792 115,3831 233,3815 262,3820 290,3828 293,3828 295,3828 298,3828 323,3818 354,3802 401,3810 416,3813 419,3813 449,3807 537,3789 563,3800 593,3810 596,3810 599,3810 678,3805 681,3805 683,3805 709,3789 714,3784 737,3787 814,3795 817,3795 820,3795 822,3795 840,3779 845,3774 850,3777 863,3787 866,3787 868,3787 871,3787 874,3787 876,3787 894,3774 897,3774 910,3774 1064,3779 1066,3779 1069,3779 1138,3756 1167,3748 1185,3753 1236,3769 1239,3769 1241,3769 1244,3769 1303,3743 1321,3735 1444,3733 1444,3694 1434,3653 1388,3671 1367,3658 1365,3658 1362,3658 1360,3658 1195,3669 1192,3669 1185,3671 1151,3689 964,3689 874,3689 871,3689 868,3689 853,3697 830,3710 804,3702 799,3700 796,3700 794,3700 791,3700 778,3702 742,3715 730,3707 719,3700 717,3700 714,3700 712,3700 709,3700 673,3712 647,3720 640,3715 635,3707 632,3707 629,3707 627,3707 624,3707 606,3717 588,3725 537,3723 475,3717 473,3717 470,3717 419,3730 388,3738 367,3735 321,3725 313,3728"/>
        <Baseline points="113,3792 1056,3741 1444,3694"/>
        <TextEquiv conf="0.9608196056618983">
          <Unicode>nem metiorem aerei systematis pertinet vapores en</Unicode>
        </TextEquiv>
      </TextLine>

      
      
      <TextLine id="eSc_line_b28426e5" custom="structure {type:default;}">
        <Coords points="100,3885 1172,3825 1311,3797 1318,3797 1324,3797 1385,3810 1388,3810 1390,3810 1447,3787 1447,3759 1439,3715 1270,3741 1180,3733 1164,3733 1162,3733 1144,3735 1051,3759 95,3813 100,3856"/>
        <Baseline points="100,3856 359,3833 925,3810 1447,3759"/>
        <TextEquiv conf="0.9067834085327083">
          <Unicode>in aere procul dubio fluctuant. Deinde ex his omnibus potes</Unicode>
        </TextEquiv>
      </TextLine>

      
      
      <TextLine id="eSc_line_3fd05d68" custom="structure {type:default;}">
        <Coords points="115,3964 218,3962 221,3962 223,3962 231,3954 254,3933 401,3926 429,3936 444,3944 447,3944 449,3944 604,3920 635,3918 655,3918 820,3918 820,3915 822,3915 866,3897 894,3887 925,3892 976,3900 979,3900 982,3900 984,3900 1010,3885 1023,3877 1048,3882 1082,3887 1084,3887 1087,3887 1090,3887 1100,3877 1108,3869 1357,3851 1365,3851 1401,3861 1403,3861 1406,3861 1408,3861 1455,3843 1455,3818 1450,3782 1264,3782 1262,3782 1259,3782 1221,3800 1218,3800 1205,3800 1100,3797 1097,3797 1095,3797 1092,3797 1092,3800 1082,3810 1079,3813 583,3849 563,3846 516,3838 514,3838 511,3838 467,3854 447,3859 426,3856 385,3849 383,3849 318,3854 316,3854 313,3854 313,3856 311,3856 305,3864 300,3869 290,3864 272,3859 269,3859 267,3859 107,3877 113,3920"/>
        <Baseline points="113,3920 1455,3818"/>
        <TextEquiv conf="0.9819961041212082">
          <Unicode>disci caa nubium det ventorum nam quando ex mon–</Unicode>
        </TextEquiv>
      </TextLine>

      
      
      <TextLine id="eSc_line_ba1490de" custom="structure {type:default;}">
        <Coords points="87,4018 154,4028 156,4028 159,4028 190,4013 210,4000 267,4008 303,4010 305,4010 308,4010 331,4003 372,3987 447,3995 509,4000 511,4000 514,4000 568,3985 640,3967 668,3980 686,3987 689,3987 691,3987 814,3980 904,3962 1030,3938 1126,3938 1138,3946 1149,3954 1151,3954 1154,3954 1156,3954 1159,3954 1182,3944 1226,3923 1244,3938 1252,3946 1254,3946 1257,3946 1259,3946 1262,3946 1264,3946 1275,3936 1298,3920 1396,3910 1465,3923 1465,3885 1457,3833 1241,3864 1187,3854 1180,3854 1177,3854 1133,3859 935,3885 886,3879 863,3877 861,3877 858,3877 848,3882 822,3895 696,3895 635,3895 632,3895 629,3895 627,3895 627,3897 622,3900 611,3913 408,3926 377,3920 347,3915 344,3915 341,3915 316,3926 303,3931 282,3928 244,3923 241,3923 239,3923 218,3933 203,3941 192,3936 177,3928 174,3928 172,3928 82,3944 87,3987"/>
        <Baseline points="87,3987 1465,3885"/>
        <TextEquiv conf="0.9895710170269012">
          <Unicode>tium radicibus et cavenis subterraneis assurguntva</Unicode>
        </TextEquiv>
      </TextLine>

      
      
      <TextLine id="eSc_line_69b71462" custom="structure {type:default;}">
        <Coords points="97,4070 287,4057 298,4057 411,4070 413,4070 416,4070 473,4049 501,4062 503,4062 506,4062 609,4041 737,4041 740,4041 742,4041 745,4041 771,4021 814,4036 817,4036 820,4036 822,4036 825,4036 863,4010 866,4010 915,4023 917,4023 920,4023 922,4023 925,4023 951,4005 994,4018 997,4018 1000,4018 1195,4005 1198,4005 1200,4005 1236,3982 1280,3992 1282,3992 1285,3992 1288,3992 1321,3974 1432,3977 1434,3977 1437,3977 1439,3977 1457,3964 1457,3941 1452,3897 1290,3900 1288,3900 1264,3910 1246,3920 1221,3915 1198,3910 1195,3910 1192,3910 1174,3918 1154,3928 1095,3926 1033,3920 1030,3920 1028,3920 1025,3920 1012,3931 997,3941 969,3933 953,3931 951,3931 948,3931 946,3931 943,3931 943,3933 940,3933 938,3936 930,3946 910,3938 897,3936 894,3936 892,3936 889,3936 886,3936 879,3941 863,3954 689,3967 655,3959 627,3954 624,3954 622,3954 619,3954 606,3964 588,3977 501,3982 429,3977 380,3974 377,3974 375,3974 354,3982 326,3995 267,3990 223,3987 221,3987 218,3987 195,3995 156,4010 92,4005 97,4044"/>
        <Baseline points="97,4044 516,4026 1457,3941"/>
        <TextEquiv conf="0.9619960589842362">
          <Unicode>pores vel etiam novus in iis generatus aer sicut in au–</Unicode>
        </TextEquiv>
      </TextLine>

      
      
      <TextLine id="eSc_line_f9fd1878" custom="structure {type:default;}">
        <Coords points="460,4036 452,4046 318,4052 308,4046 293,4039 290,4039 287,4039 285,4039 264,4049 244,4062 84,4062 89,4105 89,4131 133,4147 136,4147 138,4147 141,4147 205,4126 213,4123 223,4123 308,4136 311,4136 313,4136 367,4116 383,4111 398,4113 447,4126 449,4126 452,4126 455,4126 457,4126 480,4111 557,4118 560,4118 671,4098 732,4087 750,4095 771,4103 773,4103 776,4103 778,4103 781,4103 796,4090 814,4080 871,4087 920,4093 922,4093 925,4093 948,4082 971,4072 1051,4067 1077,4075 1090,4080 1092,4080 1095,4080 1097,4080 1110,4072 1136,4059 1151,4070 1154,4070 1156,4070 1159,4070 1282,4046 1342,4059 1344,4059 1347,4059 1349,4059 1352,4059 1352,4057 1354,4057 1367,4039 1426,4036 1455,4054 1462,4008 1460,3974 1414,3959 1411,3959 1408,3959 1208,3974 1205,3974 1159,3992 1151,3995 1131,3995 1038,3987 1036,3987 951,4005 928,4010 912,4008 866,3998 863,3998 861,3998 858,3998 835,4013 827,4018 814,4016 789,4008 786,4008 784,4008 781,4008 778,4008 766,4018 753,4026 498,4041 491,4034 483,4028 470,4028"/>
        <Baseline points="89,4105 1462,4008"/>
        <TextEquiv conf="0.9726910202630928">
          <Unicode>rifodinis deprehendime diverso tempore ex meatibus aerem</Unicode>
        </TextEquiv>
      </TextLine>

      
      
      <TextLine id="eSc_line_f0b9059a" custom="structure {type:default;}">
        <Coords points="95,4185 159,4198 161,4198 164,4198 167,4198 190,4180 195,4175 295,4170 300,4172 341,4201 344,4201 347,4201 349,4201 509,4175 534,4185 537,4185 539,4185 722,4170 725,4170 848,4134 892,4118 1010,4111 1023,4121 1030,4126 1030,4129 1033,4129 1036,4129 1038,4129 1087,4123 1105,4136 1108,4136 1110,4136 1113,4136 1257,4123 1259,4123 1262,4123 1288,4103 1308,4087 1439,4090 1442,4059 1437,4018 89,4131 95,4162"/>
        <Baseline points="95,4162 614,4139 1442,4059"/>
        <TextEquiv conf="0.9614207049210867">
          <Unicode>flare illepropter qualitatem n diversam, quam</Unicode>
        </TextEquiv>
      </TextLine>

      
      
      <TextLine id="eSc_line_bcec2139" custom="structure {type:default;}">
        <Coords points="401,4149 398,4149 395,4149 395,4152 375,4170 290,4157 282,4157 280,4157 277,4157 272,4157 208,4175 79,4172 84,4211 84,4247 655,4229 753,4211 845,4195 876,4206 899,4211 902,4211 904,4211 907,4211 930,4201 964,4185 1118,4175 1167,4188 1180,4190 1182,4190 1185,4190 1221,4185 1365,4157 1385,4172 1385,4175 1388,4175 1390,4175 1393,4175 1452,4170 1452,4126 1444,4080 1275,4085 1272,4085 1270,4085 1270,4087 1267,4087 1264,4090 1257,4103 1169,4111 1149,4098 1146,4098 1144,4098 1141,4098 1138,4098 1133,4100 1095,4118 1028,4108 1025,4108 1023,4108 953,4129 802,4126 799,4126 796,4126 794,4126 766,4144 601,4154 575,4144 573,4144 570,4144 457,4165 406,4149 403,4149"/>
        <Baseline points="84,4211 570,4203 1290,4131 1452,4126"/>
        <TextEquiv conf="0.9800050407648087">
          <Unicode>habet cum externo aere contractionem vel altera.</Unicode>
        </TextEquiv>
      </TextLine>

      
      
      <TextLine id="eSc_line_0d70446f" custom="structure {type:default;}">
        <Coords points="755,4188 745,4195 735,4203 709,4198 686,4195 683,4195 681,4195 678,4195 671,4201 645,4219 467,4231 437,4221 421,4216 419,4216 416,4216 359,4226 290,4242 264,4234 241,4229 239,4229 236,4229 233,4229 231,4229 231,4231 228,4231 223,4239 215,4247 195,4242 169,4234 167,4234 164,4234 102,4247 107,4280 110,4316 259,4303 264,4303 287,4321 290,4321 293,4321 295,4321 298,4321 341,4301 599,4296 601,4296 604,4296 629,4275 632,4272 632,4275 653,4288 655,4288 658,4288 660,4288 663,4288 730,4270 928,4270 928,4267 930,4267 933,4267 933,4265 953,4249 1025,4260 1028,4260 1030,4260 1033,4260 1069,4237 1151,4231 1154,4231 1270,4239 1272,4239 1275,4239 1326,4216 1334,4213 1342,4216 1390,4229 1393,4229 1396,4229 1398,4229 1401,4229 1424,4208 1424,4183 1419,4141 1326,4136 1324,4136 1249,4154 1185,4170 1156,4162 1146,4159 1144,4159 1141,4159 1138,4159 1136,4159 1131,4165 1110,4177 1061,4170 1041,4167 1038,4167 1036,4167 1015,4172 956,4190 899,4183 858,4177 856,4177 853,4177 832,4188 804,4203 781,4193 766,4185 755,4185"/>
        <Baseline points="107,4280 501,4270 1424,4183"/>
        <TextEquiv conf="0.9735136212304581">
          <Unicode>tionem causatur ea propter aquea materialus</Unicode>
        </TextEquiv>
      </TextLine>

      
      
      <TextLine id="eSc_line_7f7e73ac" custom="structure {type:default;}">
        <Coords points="1110,4290 1424,4290 1424,4249 1416,4201 1105,4234 1110,4272"/>
        <Baseline points="1110,4272 1424,4249"/>
        <TextEquiv conf="0.9900500178337097">
          <Unicode>unde nubels</Unicode>
        </TextEquiv>
      </TextLine>

      
      
      <TextLine id="eSc_line_c6ae3a41" custom="structure {type:default;}">
        <Coords points="424,4272 421,4272 416,4272 403,4283 395,4290 282,4298 272,4293 251,4283 249,4283 246,4283 113,4303 118,4337 118,4365 179,4383 182,4383 185,4383 187,4383 190,4383 190,4380 210,4362 213,4357 251,4357 269,4360 336,4375 339,4375 514,4365 578,4350 622,4339 655,4347 683,4355 686,4355 689,4355 691,4355 725,4344 750,4337 763,4344 776,4350 778,4350 781,4350 784,4350 799,4342 840,4321 953,4316 1072,4332 1072,4278 1064,4237 1007,4252 946,4244 938,4244 935,4244 933,4244 930,4244 902,4265 725,4272 673,4265 645,4260 642,4260 640,4260 619,4267 588,4283 455,4285 444,4280 429,4272 426,4272"/>
        <Baseline points="118,4337 660,4316 1072,4278"/>
        <TextEquiv conf="0.9592854219513971">
          <Unicode>in aere est, separatur condensaturque</Unicode>
        </TextEquiv>
      </TextLine>

      
      
      <TextLine id="eSc_line_795f0794" custom="structure {type:default;}">
        <Coords points="848,4311 809,4326 668,4332 637,4321 629,4319 627,4319 624,4319 622,4319 619,4319 617,4321 601,4334 465,4334 462,4334 460,4334 421,4350 401,4334 395,4329 393,4329 390,4329 388,4329 339,4337 257,4350 236,4342 231,4339 228,4339 226,4339 223,4339 221,4339 215,4342 177,4365 102,4350 107,4398 113,4452 190,4422 408,4411 439,4427 442,4427 444,4427 465,4427 519,4424 521,4424 524,4424 524,4422 545,4404 665,4414 694,4414 696,4414 753,4406 907,4383 922,4393 922,4396 925,4396 928,4396 930,4396 1069,4388 1072,4388 1090,4380 1131,4368 1156,4378 1162,4378 1164,4378 1167,4378 1169,4378 1172,4378 1174,4375 1205,4357 1288,4368 1298,4368 1300,4368 1303,4368 1311,4365 1360,4347 1380,4360 1390,4368 1393,4368 1396,4368 1398,4368 1401,4368 1421,4357 1452,4342 1466,4346 1484,4342 1488,4316 1483,4275 1444,4260 1442,4260 1439,4260 1437,4260 1434,4260 1401,4283 1396,4285 1385,4283 1331,4267 1329,4267 1326,4267 1324,4267 1257,4285 1092,4283 1090,4283 1087,4283 1084,4283 1084,4285 1082,4285 1072,4298 1064,4308 1010,4311 982,4303 946,4293 943,4293 940,4293 938,4293 935,4293 935,4296 922,4306 920,4308 915,4306 897,4296 881,4296"/>
        <Baseline points="107,4398 537,4386 1488,4316"/>
        <TextEquiv conf="0.9550815882782141">
          <Unicode>existunt feut eadem ex causa accidit, ut tempore</Unicode>
        </TextEquiv>
      </TextLine>

      
      
      <TextLine id="eSc_line_a9b9bc20" custom="structure {type:default;}">
        <Coords points="164,4509 190,4509 192,4509 269,4509 272,4509 275,4509 277,4506 290,4496 305,4506 308,4509 311,4509 313,4509 316,4509 645,4496 647,4496 683,4486 781,4455 838,4465 840,4465 1146,4440 1187,4460 1198,4463 1200,4463 1203,4463 1205,4463 1216,4457 1236,4445 1254,4455 1259,4460 1262,4460 1264,4460 1267,4460 1349,4457 1352,4457 1385,4447 1447,4432 1465,4445 1472,4416 1436,4400 1456,4349 1463,4347 1462,4344 1370,4373 1282,4355 1267,4352 1264,4352 1108,4360 1105,4360 1095,4365 1054,4388 917,4391 874,4378 853,4373 850,4373 848,4373 845,4373 843,4373 843,4375 838,4380 822,4396 789,4383 786,4383 784,4383 781,4383 778,4383 776,4383 755,4401 683,4401 645,4391 619,4386 617,4386 614,4386 611,4386 609,4386 599,4393 583,4409 401,4414 388,4406 372,4396 370,4396 367,4396 365,4396 362,4396 359,4396 336,4409 334,4411 323,4411 246,4401 244,4401 159,4419 164,4470"/>
        <Baseline points="164,4470 812,4437 1010,4416 1461,4411"/>
        <TextEquiv conf="0.9875253627939922">
          <Unicode>hybeno animalia ex oribus fumum quasi vel</Unicode>
        </TextEquiv>
      </TextLine>

      
      
      <TextLine id="eSc_line_c90d1dde_a" custom="structure {type:default;}">
        <Coords points="1565,4470 1539,4470 1514,4470 1488,4470 1462,4470 1437,4470 1411,4468 1385,4468 1360,4468 1334,4468 1308,4468 1282,4468 1257,4468 1231,4473 1205,4478 1195,4483 1185,4488 1169,4434 1164,4434 1162,4434 1159,4434 1097,4447 1000,4468 935,4452 904,4447 902,4447 732,4455 730,4455 714,4463 673,4483 403,4481 401,4481 398,4481 395,4481 375,4496 305,4478 298,4478 295,4478 293,4478 287,4478 231,4496 197,4493 192,4509 167,4509 141,4509 115,4509 89,4509 92,4514 95,4580 155,4581 206,4574 249,4587 365,4579 530,4589 739,4583 1023,4574 1168,4582 1243,4562 1327,4570 1401,4564 1499,4574 1534,4572 1657,4576 1673,4548 1628,4501 1567,4470"/>
        <Baseline points="92,4514 190,4511 208,4532 521,4529 578,4517 606,4547 673,4550 966,4519 1172,4514 1195,4483"/>
        <TextEquiv conf="0.8068079153696696">
          <Unicode> pt</Unicode>
        </TextEquiv>
      </TextLine>

      
    </TextRegion>
    
    <TextRegion id="r0"  custom="structure {type:MainZone;}">
      <Coords points="2807,44 2855,4467 2810,4555 2382,4551 2278,4568 2089,4564 1974,4564 1887,4574 1772,4579 1693,4572 1664,4534 1640,4524 1624,4494 1543,4453 1539,4382 1593,4360 1734,4348 1868,4345 1906,4306 1941,4214 1893,4148 1923,4034 1910,3958 1852,3914 1879,3851 1860,3827 1815,3800 1841,3768 1863,3640 1832,3593 1835,3503 1783,3236 1726,3099 1485,3134 1473,2840 1490,2701 1452,1317 1423,1263 1440,1246 1445,1223 1460,1050 1499,826 1472,741 1469,580 1455,496 1452,420 1445,305 1428,41 1534,39 2145,47"/>
      
      
      <TextLine id="eSc_line_9235c2c0_b" custom="structure {type:default;}">
        <Coords points="1597,3118 1726,3099 1732,3114 2064,3080 2146,3088 2146,3044 2141,2998 1486,3050 1486,3051 1482,3072 1485,3130 1560,3116"/>
        <Baseline points="1484,3099 1833,3062 2146,3044"/>
        <TextEquiv conf="0.9198913160297606">
          <Unicode>mentum ab ixent. 1</Unicode>
        </TextEquiv>
      </TextLine>

      
      
      <TextLine id="eSc_line_c90d1dde_b" custom="structure {type:default;}">
        <Coords points="2025,4440 2000,4440 1974,4442 1948,4445 1923,4447 1897,4447 1871,4450 1848,4452 1822,4455 1797,4457 1771,4457 1745,4460 1719,4463 1694,4465 1668,4465 1642,4468 1617,4470 1591,4470 1577,4470 1624,4494 1628,4501 1628,4501 1657,4531 1664,4534 1693,4572 1772,4579 1887,4574 1974,4564 2089,4564 2100,4564 2097,4437 2095,4434 2077,4434 2051,4437"/>
        <Baseline points="1586,4475 1599,4475 2097,4437"/>
        <TextEquiv conf="0.9181604598249707">
          <Unicode>insuper vullat</Unicode>
        </TextEquiv>
      </TextLine>

      
      
      <TextLine id="eSc_line_3b61be12" custom="structure {type:default;}">
        <Coords points="2241,61 2054,61 2025,51 2011,45 1987,45 1948,51 1915,56 1889,51 1843,43 1840,43 1768,53 1709,64 1599,64 1591,56 1581,46 1578,46 1575,46 1573,46 1432,56 1434,97 1434,125 1668,123 1681,128 1707,141 1709,141 1712,143 1802,143 1802,141 1804,141 1840,128 1861,120 1971,120 1987,128 2013,138 2015,138 2018,138 2110,125 2144,123 2159,125 2195,136 2198,136 2200,136 2663,123 2666,89 2658,45 2651,45 2594,59 2321,59 2303,46 2269,46"/>
        <Baseline points="1434,97 2666,89"/>
        <TextEquiv conf="0.9863255861643199">
          <Unicode>nebulam exhalent. Mam calidior aer in</Unicode>
        </TextEquiv>
      </TextLine>

      
      
      <TextLine id="eSc_line_260ea198" custom="structure {type:default;}">
        <Coords points="1450,226 1575,223 1578,223 1581,223 1581,220 1599,208 1647,218 1653,218 1655,218 1658,218 1660,218 1722,195 1807,210 1820,213 1822,213 1856,208 1977,192 2046,200 2126,210 2128,210 2131,210 2133,210 2133,208 2146,197 2157,187 2210,192 2234,195 2236,195 2239,195 2249,192 2285,179 2339,187 2372,192 2375,192 2444,182 2491,177 2501,179 2542,200 2545,200 2547,200 2550,200 2622,174 2635,172 2730,172 2730,149 2727,113 2676,89 2673,89 2671,89 2668,89 2666,89 2640,107 2601,97 2599,97 2596,97 2594,97 2545,113 2534,118 2280,123 2257,115 2244,110 2241,110 2239,110 2172,115 2028,128 2007,115 1992,105 1989,105 1987,105 1984,105 1861,107 1858,107 1838,118 1802,136 1732,136 1699,118 1694,115 1691,115 1689,115 1686,115 1683,115 1681,118 1647,138 1627,118 1624,118 1624,115 1622,115 1619,115 1617,115 1596,118 1537,131 1447,120 1450,185"/>
        <Baseline points="1450,185 1897,164 2730,149"/>
        <TextEquiv conf="0.9972852888432416">
          <Unicode>trigidiore condensatur quando autem condensa</Unicode>
        </TextEquiv>
      </TextLine>

      
      
      <TextLine id="eSc_line_b1f8de41" custom="structure {type:default;}">
        <Coords points="1447,300 1519,300 1521,300 1524,300 1555,274 1619,290 1622,290 1624,290 1755,277 1771,287 1773,287 1776,287 1779,287 1781,287 1784,287 1851,259 1995,269 1997,269 2000,269 2072,249 2141,269 2144,269 2146,269 2149,269 2151,269 2154,269 2208,246 2241,262 2244,262 2246,262 2249,262 2298,236 2344,259 2347,259 2349,259 2352,259 2354,259 2388,231 2498,226 2617,244 2619,244 2779,236 2779,210 2774,156 2460,159 2398,172 2383,174 2370,174 2293,161 2290,161 2288,161 2234,179 2221,182 2208,179 2146,169 2144,169 2061,187 2033,192 2023,187 1995,177 1992,177 1989,177 1987,177 1956,190 1892,182 1889,182 1887,182 1856,195 1856,197 1442,213 1447,269"/>
        <Baseline points="1447,269 2010,223 2416,208 2779,210"/>
        <TextEquiv conf="0.9624102485179901">
          <Unicode>tur fit minor. Minor autem aer non ptest confinere</Unicode>
        </TextEquiv>
      </TextLine>

      
      
      <TextLine id="eSc_line_564d81a8" custom="structure {type:default;}">
        <Coords points="1473,362 1771,331 1874,344 1876,344 1879,344 1881,344 1881,341 1902,323 1997,341 2000,341 2002,341 2005,341 2005,339 2007,339 2023,318 2133,313 2185,323 2187,323 2437,300 2534,316 2537,316 2540,316 2542,316 2542,313 2558,298 2588,316 2591,316 2594,316 2799,305 2799,274 2794,231 2740,218 2738,218 2735,218 2637,238 2581,218 2578,218 2576,218 2573,218 2570,218 2570,220 2542,244 2542,246 2483,246 2439,223 2437,223 2434,223 2331,231 2329,231 2326,231 2300,251 2270,236 2267,236 2264,236 2162,254 2103,236 2100,236 2097,236 2031,238 2028,238 2025,238 2025,241 2010,254 1964,244 1961,244 1959,244 1956,244 1935,259 1833,246 1830,246 1827,246 1750,280 1467,290 1473,331"/>
        <Baseline points="1473,331 2136,287 2799,274"/>
        <TextEquiv conf="0.9637727896372478">
          <Unicode>tantum a quae quantum major (+ supra dixerat:</Unicode>
        </TextEquiv>
      </TextLine>

      
      
      <TextLine id="eSc_line_323e9c81" custom="structure {type:default;}">
        <Coords points="1457,441 1511,423 1537,436 1539,436 1542,436 1545,436 1547,436 1568,421 1707,426 1730,426 1732,426 1768,423 1912,403 1961,411 1989,413 1992,413 1995,413 1997,413 2005,408 2018,398 2059,403 2095,408 2097,408 2226,400 2228,400 2231,400 2241,393 2252,385 2259,390 2267,398 2270,398 2272,398 2275,398 2432,390 2434,390 2460,377 2468,375 2491,377 2565,382 2568,382 2570,382 2573,382 2591,370 2596,367 2612,370 2689,377 2691,377 2694,377 2743,359 2743,334 2738,295 2609,300 2606,300 2552,285 2550,285 2547,285 2545,285 2542,285 2511,305 2509,305 2437,290 2434,290 2432,290 2344,313 2334,316 2326,316 2239,300 2236,300 2234,300 2146,323 2136,326 2118,326 1946,316 1943,316 1941,316 1902,334 1871,321 1869,321 1866,321 1789,339 1763,331 1761,331 1758,331 1755,331 1753,331 1753,334 1740,346 1737,346 1717,346 1509,339 1506,339 1503,339 1501,339 1501,341 1483,359 1480,362 1452,362 1455,403"/>
        <Baseline points="1455,403 1987,367 2743,334"/>
        <TextEquiv conf="0.9706297624111175">
          <Unicode>aer compressior plus aquae continere potest+) ergo</Unicode>
        </TextEquiv>
      </TextLine>

      
      
      <TextLine id="eSc_line_1a07036f" custom="structure {type:default;}">
        <Coords points="1467,498 1588,477 1655,490 1671,493 1673,493 1676,493 1686,490 1727,470 1761,485 1768,488 1771,488 1773,488 1925,477 1928,477 1930,477 1933,475 1956,459 2041,470 2082,472 2085,472 2087,472 2110,465 2149,452 2228,457 2288,462 2290,462 2293,462 2295,462 2308,454 2316,449 2349,452 2406,454 2408,454 2411,454 2426,447 2452,434 2599,436 2750,439 2753,439 2756,439 2804,423 2804,395 2797,344 2707,346 2704,346 2702,346 2699,349 2678,364 2619,354 2599,352 2596,352 2594,352 2583,357 2563,367 2555,359 2552,357 2552,354 2550,354 2547,354 2545,354 2542,354 2532,359 2504,375 2234,387 2092,387 1923,387 1920,387 1917,387 1915,387 1899,400 1884,387 1881,387 1879,387 1876,387 1874,387 1845,403 1840,405 1822,405 1743,398 1740,398 1737,398 1735,398 1719,411 1717,413 1714,411 1676,398 1673,398 1671,398 1668,398 1665,398 1642,416 1640,416 1516,405 1514,405 1511,405 1462,423 1467,462"/>
        <Baseline points="1467,462 2804,395"/>
        <TextEquiv conf="0.9678573374654732">
          <Unicode>relin quit humiditatem suam quae nobis fit oicibiis</Unicode>
        </TextEquiv>
      </TextLine>

      
      
      <TextLine id="eSc_line_b179303c" custom="structure {type:default;}">
        <Coords points="2486,416 2483,416 2475,426 2473,429 2468,426 2442,416 2439,416 2437,416 2434,416 2432,416 2432,418 2419,429 2411,436 2300,444 2272,439 2226,429 2223,429 2221,429 2218,429 2200,444 2198,447 2195,444 2169,431 2167,431 2164,431 2162,431 2095,452 2072,457 2043,454 1946,444 1943,444 1941,444 1938,444 1938,447 1920,462 1917,465 1910,465 1863,454 1861,454 1858,454 1856,454 1856,457 1853,457 1845,467 1827,454 1825,454 1822,454 1820,454 1817,454 1763,472 1758,475 1755,475 1719,457 1717,457 1714,457 1712,457 1665,480 1660,480 1591,472 1588,472 1586,472 1583,472 1583,475 1573,485 1539,470 1537,470 1534,470 1532,470 1488,488 1493,529 1493,552 1534,570 1537,570 1539,570 1683,547 1851,549 1853,549 1856,549 1858,549 1879,534 1881,534 1884,534 1925,547 1928,547 1930,547 1933,547 1989,531 2036,519 2126,526 2203,531 2205,531 2208,531 2236,521 2270,511 2295,519 2311,524 2313,524 2316,524 2318,524 2321,524 2329,519 2357,501 2414,513 2434,519 2437,519 2439,519 2442,519 2442,516 2447,513 2460,498 2532,490 2753,501 2756,457 2743,405 2727,418 2609,416 2493,413 2491,413 2488,413 2486,413"/>
        <Baseline points="1493,529 2756,457"/>
        <TextEquiv conf="0.9257286994353585">
          <Unicode>ob conunctionem ot multorum corpusculoium. Asu</Unicode>
        </TextEquiv>
      </TextLine>

      
      
      <TextLine id="eSc_line_4582e573" custom="structure {type:default;}">
        <Coords points="2637,467 2619,483 2596,467 2594,467 2591,467 2588,467 2439,493 2421,495 2419,495 2393,483 2390,483 2388,483 2231,506 2208,508 2198,508 2126,495 2123,495 1822,531 1781,534 1758,534 1573,529 1570,529 1568,529 1488,549 1491,588 1491,626 1725,611 1727,611 1730,611 1753,593 1946,601 1948,601 1951,601 2018,585 2141,588 2144,588 2146,588 2192,570 2416,572 2419,572 2421,572 2424,572 2424,570 2426,570 2442,549 2511,547 2586,562 2588,562 2591,562 2640,539 2766,552 2766,511 2761,475 2645,465 2642,465 2640,465 2637,465"/>
        <Baseline points="1491,588 2766,511"/>
        <TextEquiv conf="0.9874728139565916">
          <Unicode>hoc modo aestate vel etiam in locis calidis vitra</Unicode>
        </TextEquiv>
      </TextLine>

      
      
      <TextLine id="eSc_line_b14c42a5" custom="structure {type:default;}">
        <Coords points="2655,519 2630,521 2617,521 2614,521 2601,539 2601,542 2583,542 2313,547 2311,547 2308,547 2285,562 2252,549 2249,549 2246,549 2244,549 2172,572 2169,572 2167,572 2028,567 2025,567 2023,567 1979,588 1974,590 1951,590 1812,585 1809,585 1807,585 1761,606 1745,611 1735,608 1707,598 1704,598 1701,598 1478,626 1483,670 1485,704 1617,691 1619,691 1622,691 1645,670 1902,662 1905,662 1907,662 1920,650 1961,662 1964,662 1966,662 1969,662 2069,634 2169,634 2185,647 2187,647 2190,647 2192,647 2195,647 2203,644 2270,624 2434,624 2455,624 2457,624 2460,624 2462,624 2462,621 2465,621 2478,603 2519,619 2524,619 2527,619 2529,619 2532,619 2542,616 2601,596 2624,608 2627,608 2630,608 2632,608 2786,593 2786,570 2781,524 2691,516 2681,516"/>
        <Baseline points="1483,670 2370,588 2786,570"/>
        <TextEquiv conf="0.9794197937716609">
          <Unicode>aliaque vasa vinaria ex frigidis cellis allata</Unicode>
        </TextEquiv>
      </TextLine>

      
      
      <TextLine id="eSc_line_1f3791b7" custom="structure {type:default;}">
        <Coords points="2637,578 2622,588 2609,598 2529,603 2509,598 2473,588 2470,588 2468,588 2465,588 2462,588 2462,590 2460,590 2452,603 2450,603 2421,596 2419,596 2416,596 2414,596 2411,596 2411,598 2401,606 2393,616 2311,621 2293,616 2267,606 2264,606 2262,606 2259,606 2257,606 2257,608 2244,621 2236,626 2205,624 2177,621 2175,621 2126,629 2064,642 2043,637 2010,626 2007,626 2005,626 2002,626 1941,644 1915,655 1845,655 1665,655 1663,655 1658,655 1622,673 1601,683 1511,683 1516,732 1519,773 1920,742 1923,742 1953,732 2043,704 2177,696 2210,706 2216,709 2218,709 2221,709 2223,709 2236,704 2295,683 2627,657 2648,662 2673,673 2676,673 2678,673 2771,650 2771,621 2763,578 2681,588 2673,583 2663,575 2663,578"/>
        <Baseline points="1516,732 1694,722 2020,678 2771,621"/>
        <TextEquiv conf="0.9940235614776611">
          <Unicode>quasi tudant, quia aer circumambiens vas</Unicode>
        </TextEquiv>
      </TextLine>

      
      
      <TextLine id="eSc_line_15ad1db1" custom="structure {type:default;}">
        <Coords points="1601,788 1632,804 1635,804 1637,804 1946,781 1948,781 1951,781 1971,763 1974,760 2079,755 2082,757 2095,768 2095,770 2097,770 2100,770 2103,770 2105,770 2162,750 2175,745 2246,742 2254,745 2267,755 2270,755 2272,755 2275,755 2277,755 2313,740 2324,737 2380,737 2558,737 2560,737 2563,737 2591,722 2604,716 2627,719 2671,727 2673,727 2774,709 2774,683 2763,634 2732,652 2712,639 2709,639 2707,639 2704,639 2702,639 2699,639 2650,657 2624,647 2619,644 2617,644 2614,644 2419,657 2416,657 2414,657 2401,668 2385,675 2344,673 2280,668 2277,668 2275,668 2249,680 2241,686 2208,686 2100,680 2097,680 1997,704 1953,716 1596,740 1601,783"/>
        <Baseline points="1601,783 1884,760 2054,729 2774,683"/>
        <TextEquiv conf="0.9526212762954623">
          <Unicode>figeratur ab eodemus unde contrahitur, con–</Unicode>
        </TextEquiv>
      </TextLine>

      
      
      <TextLine id="eSc_line_29a36e2c" custom="structure {type:default;}">
        <Coords points="2732,688 2678,701 2434,709 2349,714 2347,714 2331,719 2298,732 2262,727 2241,724 2239,724 2190,734 2113,750 2092,745 2082,740 2079,740 2077,740 1966,750 1964,750 1961,750 1951,757 1933,770 1503,801 1509,847 1511,878 1843,847 1845,847 1848,847 1871,832 1894,842 1897,842 1899,842 2282,791 2797,760 2797,732 2786,675 2758,680 2758,686"/>
        <Baseline points="1509,847 2264,765 2797,732"/>
        <TextEquiv conf="0.9533698633313179">
          <Unicode>seqbenter aquosum suum humorem relinquit</Unicode>
        </TextEquiv>
      </TextLine>

      
      
      <TextLine id="eSc_line_1b695900" custom="structure {type:default;}">
        <Coords points="1516,932 1892,914 1894,914 1917,904 1966,881 2077,889 2079,889 2262,853 2316,860 2318,860 2321,860 2324,860 2347,845 2429,850 2432,850 2434,850 2437,850 2437,847 2439,847 2447,837 2537,840 2540,840 2642,819 2725,837 2727,837 2730,837 2816,829 2815,799 2815,796 2807,745 1509,858 1516,907"/>
        <Baseline points="1516,907 1840,883 2378,814 2815,796"/>
        <TextEquiv conf="0.9563508277036705">
          <Unicode>qui deiide tatgitus vitri adhaeret (+ an fortusse</Unicode>
        </TextEquiv>
      </TextLine>

      
      
      <TextLine id="eSc_line_36ba2c6b" custom="structure {type:default;}">
        <Coords points="1501,1009 1581,1002 1583,1002 1586,1002 1586,999 1588,999 1596,986 1681,991 1696,991 1699,991 1701,991 1704,991 1704,989 1707,989 1717,976 1735,984 1737,984 1740,984 1743,984 1745,984 1763,968 1802,978 1815,981 1817,981 1820,981 1822,981 1825,981 1830,976 1853,958 1907,968 1933,971 1935,971 1938,971 1969,960 2002,950 2046,953 2105,955 2108,955 2110,955 2133,942 2154,932 2185,937 2218,942 2221,942 2223,942 2254,930 2282,917 2406,912 2414,914 2442,925 2444,925 2447,925 2450,925 2452,925 2483,907 2491,901 2506,904 2568,914 2570,914 2756,876 2756,860 2748,811 2547,819 2545,819 2501,835 2460,847 2421,842 2378,835 2375,835 2372,835 2316,853 2285,860 2249,858 2180,853 2177,853 2175,853 2172,853 2151,868 2139,876 2092,873 2002,868 2000,868 1997,868 1935,889 1910,899 1493,930 1498,978"/>
        <Baseline points="1498,978 1887,942 2234,894 2756,860"/>
        <TextEquiv conf="0.9957571299303145">
          <Unicode>revera non densitas, nec raritas causa est</Unicode>
        </TextEquiv>
      </TextLine>

      
      
      <TextLine id="eSc_line_56f76848" custom="structure {type:default;}">
        <Coords points="2722,863 2696,865 2671,868 2645,868 2640,868 2640,871 2612,889 2473,889 2434,889 2432,889 2429,889 2416,894 2380,909 2362,899 2360,896 2357,896 2354,896 2352,896 2349,896 2347,896 2339,901 2318,914 2272,909 2249,907 2246,907 2244,907 2241,907 2234,914 2216,927 2162,930 2154,922 2149,919 2149,917 2146,917 2144,917 2141,917 2139,917 2136,917 2126,925 2108,935 2059,932 2010,930 2007,930 2005,930 2002,930 1989,940 1977,950 1797,966 1786,960 1771,953 1758,953 1743,966 1732,973 1496,991 1501,1025 1501,1048 1568,1045 1573,1045 1604,1068 1606,1068 1609,1068 1611,1068 1784,1032 1982,1032 1984,1032 1987,1032 1989,1032 2020,1012 2038,999 2059,1009 2085,1020 2087,1020 2090,1020 2092,1020 2095,1020 2121,1004 2149,989 2329,989 2347,989 2347,986 2349,986 2352,986 2396,963 2537,950 2565,968 2568,968 2570,968 2573,968 2576,968 2606,953 2645,963 2658,966 2660,966 2663,966 2794,950 2792,917 2784,855 2748,858 2748,863"/>
        <Baseline points="1501,1025 1758,1014 2442,935 2792,917"/>
        <TextEquiv conf="0.9559051990509033">
          <Unicode>depositi humoris, sed transitus ex uno in plinds)</Unicode>
        </TextEquiv>
      </TextLine>

      
      
      <TextLine id="eSc_line_4a15a8e5" custom="structure {type:default;}">
        <Coords points="2105,989 2095,999 2077,991 2051,981 2038,984 2018,984 2000,996 1977,1012 1874,1017 1858,1009 1853,1004 1835,1004 1830,1009 1802,1025 1475,1035 1480,1086 1483,1125 1534,1110 1609,1115 1611,1115 1614,1115 1617,1115 1617,1112 1640,1092 1696,1110 1699,1110 1701,1110 1748,1107 1884,1092 1887,1092 1889,1092 1923,1071 2013,1084 2015,1084 2121,1061 2228,1071 2241,1071 2244,1071 2246,1071 2249,1071 2252,1068 2290,1043 2375,1040 2408,1058 2411,1058 2414,1058 2416,1058 2419,1058 2421,1058 2421,1056 2437,1040 2457,1050 2460,1050 2462,1050 2465,1050 2550,1027 2802,1027 2802,986 2792,940 2750,955 2732,942 2717,932 2714,932 2712,932 2709,932 2707,932 2704,932 2704,935 2689,948 2676,960 2648,950 2612,937 2609,937 2606,937 2295,973 2139,971 2123,971"/>
        <Baseline points="1480,1086 2162,1035 2331,1009 2802,986"/>
        <TextEquiv conf="0.938923371786421">
          <Unicode>denique quando vitra haec soli exhobentuutum</Unicode>
        </TextEquiv>
      </TextLine>

      
      
      <TextLine id="eSc_line_e5400da5" custom="structure {type:default;}">
        <Coords points="1498,1205 1604,1174 1601,1153 1586,1092 1519,1094 1516,1094 1514,1094 1480,1112 1493,1174"/>
        <Baseline points="1493,1174 1601,1153"/>
        <TextEquiv conf="0.9824639161427816">
          <Unicode>ati</Unicode>
        </TextEquiv>
      </TextLine>

      
      
      <TextLine id="eSc_line_40a3bf1b" custom="structure {type:default;}">
        <Coords points="1683,1181 1686,1181 1689,1181 1691,1181 1727,1163 1917,1163 1917,1161 1920,1161 1923,1161 1951,1143 1961,1138 1989,1138 2103,1145 2105,1145 2108,1145 2141,1127 2144,1127 2149,1127 2326,1127 2326,1125 2329,1125 2331,1125 2352,1110 2362,1102 2372,1110 2383,1117 2385,1117 2388,1117 2390,1117 2393,1117 2396,1117 2408,1107 2411,1104 2416,1104 2447,1115 2450,1115 2452,1115 2455,1115 2488,1099 2511,1089 2578,1092 2653,1097 2655,1097 2658,1097 2704,1084 2740,1071 2756,1079 2761,1053 2753,1007 2591,1007 2588,1007 2452,1030 2385,1040 2357,1035 2300,1027 2298,1027 2295,1027 2259,1043 2236,1053 2185,1048 2126,1043 2123,1043 2121,1043 2082,1056 2036,1071 2002,1061 1982,1056 1979,1056 1977,1056 1917,1068 1802,1092 1629,1089 1635,1143 1635,1166"/>
        <Baseline points="1635,1143 2565,1058 2761,1053"/>
        <TextEquiv conf="0.9778053111889783">
          <Unicode>tunc aperatio instituitur,  aer in</Unicode>
        </TextEquiv>
      </TextLine>

      
      
      <TextLine id="eSc_line_60e37462" custom="structure {type:default;}">
        <Coords points="1503,1266 1714,1238 1745,1246 1755,1246 1758,1246 1761,1246 1771,1243 1820,1225 1874,1230 1892,1233 1894,1233 1897,1233 1899,1233 1905,1228 1933,1207 1982,1217 1984,1217 1987,1217 2028,1197 2216,1197 2244,1194 2246,1194 2262,1192 2342,1171 2390,1176 2442,1184 2444,1184 2447,1184 2483,1169 2506,1158 2540,1161 2555,1163 2558,1163 2560,1163 2570,1158 2596,1148 2622,1153 2668,1163 2671,1163 2673,1163 2676,1163 2676,1161 2691,1148 2756,1156 2758,1156 2761,1156 2794,1135 2794,1112 2781,1050 2694,1081 2447,1086 2354,1089 2352,1089 2349,1089 2339,1097 2318,1115 2151,1127 2090,1125 2013,1120 2010,1120 1843,1140 1840,1140 1838,1140 1820,1153 1812,1158 1807,1153 1791,1140 1789,1140 1786,1140 1784,1140 1781,1140 1779,1140 1748,1161 1740,1166 1493,1187 1501,1233"/>
        <Baseline points="1501,1233 2064,1163 2794,1112"/>
        <TextEquiv conf="0.9704941047562493">
          <Unicode>periori vitro valde primum candescere incipit</Unicode>
        </TextEquiv>
      </TextLine>

      
      
      <TextLine id="eSc_line_e848d02d" custom="structure {type:default;}">
        <Coords points="1503,1325 1678,1312 1681,1312 1683,1312 1712,1295 1863,1295 1871,1295 1874,1295 1876,1295 1879,1295 1915,1271 1969,1284 1971,1284 1974,1284 1977,1284 2046,1256 2213,1256 2216,1256 2218,1256 2221,1256 2244,1238 2282,1251 2285,1251 2288,1251 2290,1251 2336,1228 2524,1212 2614,1225 2617,1225 2619,1225 2627,1225 2753,1202 2781,1210 2786,1179 2779,1133 2714,1127 2712,1127 2568,1153 2563,1153 2560,1153 2498,1140 2496,1140 2493,1140 2491,1140 2465,1163 2462,1163 2390,1166 2342,1153 2339,1153 2336,1153 2334,1153 2236,1179 2200,1166 2198,1166 2195,1166 2074,1189 1941,1189 1938,1189 1935,1189 1897,1210 1822,1207 1820,1207 1817,1207 1773,1225 1768,1225 1766,1225 1727,1215 1725,1215 1722,1215 1719,1215 1717,1215 1717,1217 1714,1217 1704,1230 1704,1233 1498,1248 1503,1302"/>
        <Baseline points="1503,1302 2059,1223 2786,1179"/>
        <TextEquiv conf="0.9601745631383813">
          <Unicode>postea iridis colores reddit evidentissemo) (+</Unicode>
        </TextEquiv>
      </TextLine>

      
      
      <TextLine id="eSc_line_aeef029f" custom="structure {type:default;}">
        <Coords points="1491,1405 1719,1361 1786,1356 1825,1372 1830,1372 1833,1372 1835,1372 1838,1372 1851,1366 1935,1341 2064,1343 2100,1343 2103,1343 2226,1330 2228,1330 2231,1330 2231,1328 2236,1323 2254,1305 2383,1295 2403,1305 2416,1310 2419,1310 2421,1310 2424,1310 2426,1310 2426,1307 2434,1302 2452,1284 2516,1279 2529,1289 2534,1295 2534,1297 2537,1297 2540,1297 2542,1297 2797,1259 2797,1238 2789,1189 2558,1212 2555,1212 2511,1199 2509,1199 2506,1199 2365,1230 2318,1220 2316,1220 2313,1220 2311,1220 2270,1235 2169,1235 2167,1235 2164,1235 2162,1235 2162,1238 2141,1256 2139,1259 2121,1259 1946,1261 1779,1295 1768,1295 1763,1295 1704,1284 1701,1284 1699,1284 1591,1312 1581,1315 1563,1300 1560,1300 1557,1300 1555,1300 1552,1300 1483,1323 1488,1366"/>
        <Baseline points="1488,1366 2339,1266 2797,1238"/>
        <TextEquiv conf="0.9652212642608805">
          <Unicode>separatio aquae ab aere si aer cogatur transire</Unicode>
        </TextEquiv>
      </TextLine>

      
      
      <TextLine id="eSc_line_9b68df82" custom="structure {type:default;}">
        <Coords points="1611,1431 1694,1446 1696,1446 1699,1446 1779,1418 1802,1413 1822,1415 1884,1428 1887,1428 1889,1428 1892,1428 1892,1426 1910,1410 1923,1395 1971,1387 2049,1397 2051,1397 2054,1397 2056,1397 2082,1377 2157,1384 2159,1384 2162,1384 2164,1384 2187,1366 2246,1384 2249,1384 2252,1384 2254,1384 2257,1384 2259,1384 2259,1382 2285,1359 2432,1343 2565,1343 2596,1359 2599,1359 2601,1359 2604,1359 2786,1343 2786,1312 2779,1251 2668,1269 2632,1264 2599,1261 2596,1261 2594,1261 2576,1271 2560,1279 2540,1274 2511,1269 2509,1269 2414,1287 2360,1297 2321,1297 2246,1295 2244,1295 2110,1318 2069,1325 2059,1323 2023,1315 2020,1315 2018,1315 2015,1315 2013,1315 1992,1330 1989,1333 1982,1330 1938,1323 1935,1323 1838,1346 1825,1348 1820,1348 1773,1338 1771,1338 1606,1369 1611,1405"/>
        <Baseline points="1611,1405 2334,1328 2545,1312 2786,1312"/>
        <TextEquiv conf="0.9563673313926248">
          <Unicode>angustras, ut linum lanam, ex vase</Unicode>
        </TextEquiv>
      </TextLine>

      
      
      <TextLine id="eSc_line_5d97e049" custom="structure {type:default;}">
        <Coords points="1668,1402 1642,1423 1642,1426 1503,1436 1511,1487 1511,1490 1627,1500 1629,1500 1791,1485 1794,1485 1797,1485 1815,1469 1887,1477 1889,1477 1892,1477 1948,1454 1989,1467 1992,1467 1995,1467 1997,1467 2054,1441 2061,1438 2067,1441 2079,1451 2082,1451 2085,1451 2087,1451 2182,1431 2208,1426 2236,1426 2331,1428 2334,1428 2457,1408 2519,1418 2522,1418 2524,1418 2596,1392 2596,1384 2588,1330 2555,1325 2552,1325 2550,1325 2522,1338 2509,1346 2498,1341 2483,1330 2480,1330 2478,1330 2475,1330 2473,1330 2437,1346 2421,1354 2401,1351 2342,1341 2339,1341 2336,1341 2262,1364 2249,1366 2244,1366 2198,1354 2195,1354 2192,1354 2190,1354 2139,1377 2133,1377 2131,1377 2082,1364 2079,1364 2077,1364 2074,1364 2072,1364 2072,1366 2069,1366 2059,1382 1995,1379 1992,1379 1989,1379 1959,1392 1953,1395 1951,1395 1912,1379 1910,1379 1907,1379 1905,1379 1902,1379 1902,1382 1899,1382 1887,1400 1881,1400 1791,1395 1789,1395 1786,1395 1722,1415 1719,1415 1678,1400 1668,1400"/>
        <Baseline points="1511,1487 1599,1464 2203,1400 2596,1384"/>
        <TextEquiv conf="0.9717835804511761">
          <Unicode>vas, ubi aquam suam relinquet</Unicode>
        </TextEquiv>
      </TextLine>

      
      
      <TextLine id="eSc_line_b3902e94" custom="structure {type:default;}">
        <Coords points="2164,1490 2190,1492 2216,1492 2241,1492 2267,1490 2277,1508 2306,1513 2308,1515 2370,1515 2370,1513 2372,1513 2375,1513 2375,1510 2388,1500 2406,1510 2408,1510 2411,1510 2414,1510 2416,1510 2460,1495 2496,1485 2799,1500 2802,1446 2797,1413 2694,1392 2691,1392 2689,1392 2591,1418 2586,1418 2583,1418 2537,1397 2534,1397 2532,1397 2529,1397 2480,1420 2478,1423 2162,1428 2164,1462"/>
        <Baseline points="2164,1462 2802,1446"/>
        <TextEquiv conf="0.9209423160011118">
          <Unicode>ama cerpiente exhaustu</Unicode>
        </TextEquiv>
      </TextLine>

      
      
      <TextLine id="eSc_line_c2c05ee1" custom="structure {type:default;}">
        <Coords points="2236,1462 2113,1469 2108,1467 2049,1446 2046,1446 2043,1446 1905,1480 1892,1482 1889,1480 1856,1464 1853,1464 1851,1464 1848,1464 1845,1464 1817,1482 1763,1467 1761,1467 1758,1467 1701,1472 1699,1472 1696,1472 1696,1474 1694,1474 1678,1492 1673,1500 1655,1495 1629,1487 1627,1487 1624,1487 1622,1487 1619,1487 1619,1490 1611,1497 1601,1505 1491,1505 1496,1549 1496,1580 1521,1595 1524,1595 1527,1595 1529,1595 1570,1577 1588,1593 1591,1593 1593,1593 1596,1593 1856,1575 1858,1575 1979,1541 2000,1536 2010,1539 2059,1557 2061,1557 2085,1554 2149,1528 2154,1523 2285,1515 2285,1492 2280,1459 2262,1462"/>
        <Baseline points="1496,1549 2285,1492"/>
        <TextEquiv conf="0.9475075987077528">
          <Unicode>Gerick. lib. 3. c. 12 Ellycimum</Unicode>
        </TextEquiv>
      </TextLine>

      
      
      <TextLine id="eSc_line_08329076" custom="structure {type:default;}">
        <Coords points="2205,1500 2185,1510 2164,1500 2159,1503 2149,1503 2131,1518 2131,1521 2126,1518 2090,1505 2082,1508 2056,1510 2031,1513 2005,1513 1987,1513 1966,1531 1948,1544 1758,1554 1748,1546 1743,1541 1740,1541 1737,1541 1735,1541 1732,1541 1730,1541 1722,1549 1707,1562 1493,1564 1498,1611 1501,1647 1629,1639 1632,1639 1635,1639 1665,1618 1773,1629 1786,1629 1789,1629 1791,1629 1794,1629 1794,1626 1830,1605 1871,1621 1874,1621 1876,1621 1956,1616 1959,1616 1961,1616 2007,1593 2169,1600 2185,1600 2187,1600 2190,1600 2195,1598 2267,1575 2324,1585 2326,1585 2511,1557 2576,1572 2578,1572 2581,1572 2583,1572 2586,1572 2594,1569 2694,1544 2776,1557 2779,1510 2774,1469 2738,1459 2735,1459 2732,1459 2730,1459 2668,1480 2648,1485 2617,1482 2509,1474 2506,1474 2504,1474 2462,1492 2401,1482 2398,1482 2396,1482 2336,1503 2324,1508 2318,1505 2300,1490 2298,1490 2295,1490 2293,1490 2290,1490 2288,1490 2257,1510 2249,1515 2241,1510 2223,1497 2210,1500"/>
        <Baseline points="1498,1611 1879,1590 2028,1564 2403,1531 2779,1510"/>
        <TextEquiv conf="0.9810515313732381">
          <Unicode>exsinguitur, caeruleo sub finem colore Ellychnium</Unicode>
        </TextEquiv>
      </TextLine>

      
      
      <TextLine id="eSc_line_1c719e46" custom="structure {type:default;}">
        <Coords points="1488,1716 1596,1688 1668,1703 1676,1703 1678,1703 1719,1698 2041,1652 2228,1657 2246,1657 2249,1657 2252,1657 2254,1657 2254,1654 2277,1631 2617,1616 2619,1616 2663,1600 2794,1611 2797,1572 2792,1533 2684,1523 2681,1523 2678,1523 2594,1546 2583,1551 2360,1564 2342,1551 2339,1551 2336,1551 2334,1551 2331,1551 2329,1551 2311,1567 2239,1559 2236,1559 2172,1564 2169,1564 2167,1564 2167,1567 2151,1582 2149,1582 2115,1569 2113,1569 2110,1569 1969,1582 1966,1582 1964,1582 1964,1585 1951,1595 1946,1600 1910,1600 1853,1598 1851,1598 1784,1608 1730,1618 1707,1616 1671,1608 1668,1608 1665,1608 1640,1621 1627,1626 1619,1621 1606,1616 1604,1616 1601,1616 1599,1616 1581,1623 1565,1634 1478,1634 1483,1672"/>
        <Baseline points="1483,1672 1838,1652 2385,1593 2797,1572"/>
        <TextEquiv conf="0.9872821951523806">
          <Unicode>tamen extincta flamma per unam vel duas</Unicode>
        </TextEquiv>
      </TextLine>

      
      
      <TextLine id="eSc_line_a8528690" custom="structure {type:default;}">
        <Coords points="1503,1780 1552,1783 1555,1783 1557,1783 1560,1783 1568,1775 1586,1765 1599,1775 1611,1783 1614,1783 1617,1783 1619,1783 1622,1783 1624,1783 1624,1780 1637,1770 1658,1752 1712,1765 1717,1765 1719,1765 1722,1765 1725,1765 1771,1742 1807,1757 1812,1760 1815,1760 1817,1760 1820,1760 1822,1760 1825,1757 1861,1731 1984,1744 2031,1747 2033,1747 2036,1747 2038,1747 2051,1739 2092,1711 2167,1729 2172,1729 2175,1729 2185,1729 2303,1698 2329,1708 2331,1708 2334,1708 2336,1708 2393,1685 2532,1690 2534,1690 2537,1690 2586,1667 2630,1693 2632,1693 2635,1693 2637,1693 2804,1677 2802,1639 2794,1593 2699,1598 2673,1582 2671,1582 2668,1582 2666,1582 2462,1600 2460,1600 2457,1600 2457,1603 2444,1613 2380,1608 2378,1608 2375,1608 2326,1629 2313,1636 2131,1649 2121,1647 2087,1634 2085,1634 2082,1634 1966,1644 1964,1644 1961,1644 1943,1659 1933,1667 1871,1667 1784,1665 1781,1665 1779,1665 1753,1675 1730,1688 1498,1695 1503,1744"/>
        <Baseline points="1503,1744 2426,1657 2802,1639"/>
        <TextEquiv conf="0.9321322052977806">
          <Unicode>horas ignita mansit fumumque eruisit. Flanm</Unicode>
        </TextEquiv>
      </TextLine>

      
      
      <TextLine id="eSc_line_1b12f7ee" custom="structure {type:default;}">
        <Coords points="1509,1839 1575,1816 1663,1821 1665,1821 1668,1821 1743,1803 1794,1814 1822,1819 1825,1819 1941,1811 1943,1811 1992,1796 2043,1780 2082,1788 2103,1790 2105,1790 2167,1780 2208,1772 2218,1775 2252,1785 2254,1785 2257,1785 2259,1785 2308,1767 2313,1767 2468,1770 2470,1770 2473,1770 2524,1747 2537,1742 2555,1744 2627,1757 2630,1757 2735,1749 2738,1749 2799,1721 2799,1700 2792,1654 2529,1688 2455,1688 2447,1680 2439,1675 2439,1672 2437,1672 2434,1672 2432,1672 2254,1698 2167,1708 2139,1706 2072,1700 2069,1700 2067,1700 2064,1700 2046,1713 2031,1726 1802,1742 1789,1734 1773,1724 1771,1724 1768,1724 1766,1724 1763,1724 1722,1739 1699,1752 1501,1757 1506,1801"/>
        <Baseline points="1506,1801 2799,1700"/>
        <TextEquiv conf="0.9848109400549601">
          <Unicode>vigura blanga ab aeris gravitate qua sursum</Unicode>
        </TextEquiv>
      </TextLine>

      
      
      <TextLine id="eSc_line_52eef26a" custom="structure {type:default;}">
        <Coords points="1534,1919 1560,1916 1581,1914 1671,1896 1668,1862 1658,1801 1560,1801 1557,1801 1555,1801 1521,1816 1532,1880"/>
        <Baseline points="1532,1880 1668,1862"/>
        <TextEquiv conf="0.9949222604433695">
          <Unicode>pellit</Unicode>
        </TextEquiv>
      </TextLine>

      
      
      <TextLine id="eSc_line_446b5abd" custom="structure {type:default;}">
        <Coords points="1678,1873 1719,1873 1722,1873 1753,1891 1755,1891 1758,1891 1761,1891 1815,1867 1822,1862 1979,1850 2013,1852 2092,1862 2095,1862 2192,1842 2298,1842 2300,1842 2303,1842 2306,1842 2321,1832 2331,1824 2344,1829 2362,1834 2365,1834 2367,1834 2370,1834 2372,1834 2372,1832 2380,1826 2393,1814 2455,1821 2506,1826 2509,1826 2511,1826 2514,1826 2527,1816 2547,1801 2609,1811 2642,1814 2645,1814 2756,1798 2756,1772 2748,1731 2630,1739 2560,1726 2558,1726 2555,1726 2486,1752 2455,1739 2452,1739 2450,1739 2447,1739 2385,1762 2380,1765 2360,1765 2118,1765 2115,1765 2028,1772 2025,1772 2023,1772 1987,1796 1673,1821 1678,1860"/>
        <Baseline points="1678,1860 2411,1790 2756,1772"/>
        <TextEquiv conf="0.9935225266963243">
          <Unicode>ut aqua aeris bullam sed flumima</Unicode>
        </TextEquiv>
      </TextLine>

      
      
      <TextLine id="eSc_line_24c7fa72" custom="structure {type:default;}">
        <Coords points="1506,1963 1678,1950 1681,1950 1683,1950 1683,1947 1686,1947 1694,1937 1830,1937 1892,1937 1892,1934 1894,1934 1905,1929 1935,1914 1997,1921 2028,1924 2031,1924 2033,1924 2036,1924 2043,1916 2054,1911 2087,1914 2136,1916 2139,1916 2141,1916 2162,1906 2185,1896 2210,1903 2234,1909 2236,1909 2239,1909 2354,1901 2357,1901 2403,1885 2432,1878 2504,1878 2678,1878 2681,1878 2684,1878 2686,1878 2686,1875 2689,1875 2699,1860 2702,1857 2750,1855 2750,1834 2745,1798 2596,1790 2594,1790 2424,1814 2311,1811 2308,1811 2306,1811 2303,1811 2303,1814 2288,1829 2285,1832 2231,1834 2185,1834 1989,1834 1987,1834 1905,1855 1876,1862 1498,1880 1503,1924"/>
        <Baseline points="1503,1924 2750,1834"/>
        <TextEquiv conf="0.9773040503825782">
          <Unicode>tamen manet in Ellychrioo qui a fortior ejus connexio</Unicode>
        </TextEquiv>
      </TextLine>

      
      
      <TextLine id="eSc_line_292c1eb9" custom="structure {type:default;}">
        <Coords points="1521,2009 1529,1999 1617,2001 1699,2004 1701,2004 1704,2004 1707,2004 1707,2001 1714,1993 1725,1986 1748,1991 1773,1999 1776,1999 1779,1999 1843,1986 1902,1973 1930,1978 1969,1986 1971,1986 1974,1986 2002,1973 2015,1968 2020,1973 2031,1981 2033,1981 2036,1981 2038,1981 2041,1981 2072,1968 2095,1960 2139,1963 2208,1970 2210,1970 2362,1960 2365,1960 2398,1945 2406,1942 2408,1945 2434,1955 2437,1955 2439,1955 2442,1955 2514,1937 2524,1934 2529,1934 2552,1947 2555,1947 2558,1947 2560,1947 2599,1932 2655,1939 2658,1939 2660,1939 2702,1924 2712,1919 2720,1921 2748,1934 2750,1934 2753,1934 2756,1934 2789,1916 2789,1891 2779,1852 2748,1860 2738,1855 2717,1844 2714,1844 2712,1844 2709,1844 2642,1860 2617,1867 2609,1862 2596,1855 2594,1855 2591,1855 2588,1855 2478,1860 2334,1883 2285,1891 2259,1888 2172,1880 2169,1880 2167,1880 2105,1901 2090,1903 2072,1903 1979,1893 1977,1893 1974,1893 1971,1893 1951,1911 1948,1914 1887,1916 1884,1916 1869,1903 1866,1903 1863,1903 1861,1903 1858,1903 1822,1921 1817,1921 1804,1921 1730,1916 1727,1916 1506,1942 1511,1975"/>
        <Baseline points="1511,1975 2789,1891"/>
        <TextEquiv conf="0.9920988562060338">
          <Unicode>quam aeris gravitas, auferre conantis, sed in locis</Unicode>
        </TextEquiv>
      </TextLine>

      
      
      <TextLine id="eSc_line_08859c06" custom="structure {type:default;}">
        <Coords points="2689,1898 2673,1909 2658,1919 2563,1924 2537,1919 2514,1916 2511,1916 2509,1916 2506,1916 2498,1924 2491,1929 2483,1924 2465,1916 2462,1916 2460,1916 2457,1916 2455,1916 2455,1919 2452,1919 2447,1927 2442,1932 2426,1929 2393,1924 2390,1924 2280,1942 2218,1950 2187,1950 2082,1942 2079,1942 2077,1942 2041,1960 2038,1963 2038,1960 2020,1947 2018,1947 2015,1947 2013,1947 2010,1947 1971,1968 1969,1968 1964,1968 1910,1955 1907,1955 1905,1955 1866,1975 1863,1975 1822,1965 1820,1965 1817,1965 1635,1993 1568,1981 1565,1981 1563,1981 1560,1981 1529,1996 1534,2040 1537,2083 1750,2050 1794,2063 1797,2063 1799,2063 1802,2063 1804,2063 1848,2035 1902,2042 1905,2042 2002,2024 2046,2045 2049,2045 2051,2045 2054,2045 2059,2045 2123,2024 2136,2037 2139,2037 2141,2037 2144,2037 2146,2037 2149,2037 2192,2019 2267,2027 2272,2027 2275,2027 2277,2027 2280,2027 2329,1999 2444,2001 2447,2001 2450,2001 2452,2001 2470,1988 2491,2006 2491,2009 2493,2009 2496,2009 2498,2009 2501,2009 2504,2009 2527,1988 2558,2004 2563,2006 2565,2006 2568,2006 2570,2006 2578,2004 2637,1975 2678,1996 2681,1996 2684,1996 2686,1996 2753,1988 2750,1950 2745,1903 2712,1896 2709,1898"/>
        <Baseline points="1534,2040 2169,1983 2750,1950"/>
        <TextEquiv conf="0.9675456024706364">
          <Unicode>abterraneis, ubi aer gravissimus et impurus, ibi</Unicode>
        </TextEquiv>
      </TextLine>

      
      
      <TextLine id="eSc_line_555be3c0" custom="structure {type:default;}">
        <Coords points="1817,2017 1797,2037 1797,2040 1509,2055 1511,2091 1511,2124 1840,2091 1920,2101 1923,2101 1925,2101 1974,2083 2067,2091 2069,2091 2072,2091 2074,2091 2092,2076 2200,2081 2203,2081 2416,2058 2450,2068 2452,2068 2455,2068 2542,2047 2573,2060 2576,2060 2578,2060 2581,2060 2663,2040 2740,2050 2743,2014 2738,1981 2645,1963 2642,1963 2640,1963 2563,1991 2560,1991 2558,1991 2516,1973 2514,1973 2511,1973 2509,1973 2457,1996 2437,1978 2434,1978 2432,1978 2429,1978 2313,1983 2311,1983 2308,1983 2267,2009 2264,2011 2246,2011 1964,2011 1961,2011 1959,2011 1956,2011 1935,2029 1933,2029 1830,2014 1817,2014"/>
        <Baseline points="1511,2091 2743,2014"/>
        <TextEquiv conf="0.9645997961362203">
          <Unicode>flamma ab aeris gravitate aufertum (+ videmus</Unicode>
        </TextEquiv>
      </TextLine>

      
      
      <TextLine id="eSc_line_a9cf5dc5" custom="structure {type:default;}">
        <Coords points="2516,2029 2493,2042 2480,2047 2457,2045 2416,2037 2414,2037 2411,2037 2380,2050 2367,2055 2357,2050 2334,2042 2331,2042 2329,2042 2326,2042 2324,2042 2324,2045 2321,2045 2316,2055 2311,2060 2254,2063 2249,2060 2239,2050 2236,2050 2234,2050 2231,2050 2097,2058 2095,2058 2067,2073 2059,2076 2046,2073 1987,2065 1984,2065 1982,2065 1948,2081 1943,2083 1923,2083 1835,2078 1833,2078 1748,2096 1743,2096 1740,2096 1683,2086 1681,2086 1678,2086 1632,2104 1629,2104 1527,2096 1524,2096 1521,2096 1480,2112 1485,2153 1488,2194 1601,2186 1604,2186 1609,2184 1681,2158 1758,2171 1761,2171 1763,2171 1766,2171 1802,2153 1858,2160 1861,2160 1863,2160 1948,2140 2033,2148 2097,2153 2100,2153 2103,2153 2141,2137 2177,2124 2277,2127 2336,2127 2339,2127 2342,2127 2344,2127 2352,2119 2360,2114 2367,2119 2401,2132 2403,2132 2406,2132 2408,2132 2460,2117 2552,2122 2555,2122 2558,2122 2627,2099 2666,2112 2668,2112 2671,2112 2673,2112 2676,2112 2709,2088 2709,2070 2702,2027 2596,2040 2565,2035 2522,2029 2519,2029"/>
        <Baseline points="1485,2153 2709,2070"/>
        <TextEquiv conf="0.9544907383620739">
          <Unicode>paepe flammam in eo esse  praesertim cum</Unicode>
        </TextEquiv>
      </TextLine>

      
      
      <TextLine id="eSc_line_1a7669aa" custom="structure {type:default;}">
        <Coords points="1645,2222 1750,2204 1899,2209 1930,2209 1933,2209 1935,2209 1938,2209 1941,2207 1956,2194 2000,2202 2013,2204 2015,2204 2100,2196 2295,2176 2311,2184 2324,2189 2326,2189 2329,2189 2786,2150 2786,2127 2779,2083 1640,2142 1645,2196"/>
        <Baseline points="1645,2196 1781,2178 2786,2127"/>
        <TextEquiv conf="0.9799742585903889">
          <Unicode>inqua extinctioni ut quasi eleetur in</Unicode>
        </TextEquiv>
      </TextLine>

      
      
      <TextLine id="eSc_line_71950b2e" custom="structure {type:default;}">
        <Coords points="1591,2294 1701,2289 1704,2289 1707,2289 1725,2273 1755,2284 1758,2284 1761,2284 1763,2284 1766,2284 1766,2281 1791,2258 1856,2279 1858,2279 1861,2279 1863,2279 1917,2255 1941,2266 1943,2266 1946,2266 1948,2266 1951,2266 1969,2253 1995,2271 1997,2271 2000,2271 2002,2271 2005,2271 2007,2271 2028,2258 2113,2263 2115,2263 2118,2263 2121,2263 2149,2237 2190,2253 2192,2253 2195,2255 2288,2255 2349,2255 2349,2253 2352,2253 2362,2250 2442,2220 2614,2222 2617,2222 2707,2204 2756,2225 2761,2186 2750,2132 2694,2150 2537,2148 2519,2148 2516,2148 2514,2148 2511,2148 2511,2150 2498,2163 2342,2171 2321,2163 2311,2158 2308,2158 2306,2158 2303,2158 2300,2158 2300,2160 2298,2160 2295,2163 2290,2173 2254,2168 2223,2163 2221,2163 2218,2163 2190,2171 2159,2181 2123,2176 2077,2171 2074,2171 2072,2171 2051,2181 2041,2186 1989,2186 1853,2184 1851,2184 1707,2207 1696,2207 1694,2207 1604,2199 1601,2199 1599,2199 1596,2199 1586,2204 1591,2261"/>
        <Baseline points="1591,2261 1923,2230 2761,2186"/>
        <TextEquiv conf="0.9507295443461492">
          <Unicode>Itum, et abeat, estre enevae. Alra vice</Unicode>
        </TextEquiv>
      </TextLine>

      
      
      <TextLine id="eSc_line_7bb5dcc3" custom="structure {type:default;}">
        <Coords points="1521,2361 1750,2343 1776,2353 1781,2317 1773,2271 1586,2294 1516,2281 1521,2335"/>
        <Baseline points="1521,2335 1781,2317"/>
        <TextEquiv conf="0.9853984713554382">
          <Unicode>tlaum</Unicode>
        </TextEquiv>
      </TextLine>

      
      
      <TextLine id="eSc_line_35ecc7e2" custom="structure {type:default;}">
        <Coords points="2673,2191 2648,2209 2645,2209 2558,2196 2558,2199 2532,2199 2516,2199 2403,2225 2385,2227 2365,2227 2280,2222 2277,2222 2275,2222 2272,2222 2259,2232 2259,2235 2254,2232 2216,2222 2213,2222 2210,2222 2208,2222 2169,2237 2159,2243 2139,2240 2092,2235 2090,2235 2087,2235 2056,2245 2043,2250 2041,2245 2031,2237 2028,2237 2025,2237 2023,2237 2020,2237 2018,2237 2002,2248 2000,2250 1995,2248 1961,2237 1959,2237 1956,2237 1866,2255 1871,2302 1871,2317 1979,2327 1982,2327 1984,2327 2036,2309 2056,2304 2069,2309 2087,2317 2090,2317 2092,2317 2239,2309 2241,2309 2244,2309 2244,2307 2246,2307 2252,2302 2259,2291 2321,2297 2390,2304 2393,2304 2478,2291 2583,2271 2630,2271 2642,2284 2645,2284 2645,2286 2648,2286 2650,2286 2653,2286 2766,2276 2766,2240 2761,2204 2702,2189 2686,2191"/>
        <Baseline points="1871,2302 2766,2240"/>
        <TextEquiv conf="0.9556780819381986">
          <Unicode>Reciarentem iere plenum, sed</Unicode>
        </TextEquiv>
      </TextLine>

      
      
      <TextLine id="eSc_line_d4e5e441" custom="structure {type:default;}">
        <Coords points="2516,2258 2478,2281 2475,2281 2419,2268 2416,2268 2414,2268 2321,2291 2282,2273 2277,2276 2252,2276 2231,2276 2157,2304 2154,2304 2079,2286 2072,2289 2046,2291 2025,2291 1966,2307 1830,2299 1827,2299 1794,2302 1791,2302 1789,2302 1789,2304 1763,2330 1701,2322 1689,2325 1681,2325 1673,2340 1534,2348 1539,2389 1539,2417 1689,2394 1889,2392 1946,2389 1948,2389 1956,2387 1979,2374 2036,2379 2064,2381 2067,2381 2069,2381 2087,2374 2121,2363 2175,2369 2226,2371 2228,2371 2231,2371 2270,2358 2300,2351 2326,2356 2370,2361 2372,2361 2439,2356 2442,2356 2444,2356 2444,2353 2447,2353 2452,2343 2455,2340 2486,2340 2568,2345 2570,2345 2573,2345 2576,2345 2588,2333 2594,2330 2609,2330 2684,2338 2686,2338 2689,2338 2691,2338 2691,2335 2704,2322 2727,2335 2730,2335 2732,2335 2735,2335 2789,2315 2789,2304 2784,2261 2552,2255 2534,2258"/>
        <Baseline points="1539,2389 2267,2327 2789,2304"/>
        <TextEquiv conf="0.9935313643411149">
          <Unicode>fantum probe obturatum imnisi. Extincta est</Unicode>
        </TextEquiv>
      </TextLine>

      
      
      <TextLine id="eSc_line_1465c3f2" custom="structure {type:default;}">
        <Coords points="2578,2315 2514,2333 2498,2335 2465,2335 2303,2333 2300,2333 2298,2333 2228,2351 2200,2358 2169,2356 2105,2348 2103,2348 2100,2348 2074,2361 2067,2366 2038,2363 1971,2358 1969,2358 1966,2358 1964,2358 1946,2371 1930,2379 1907,2374 1887,2369 1884,2369 1881,2369 1879,2369 1861,2376 1835,2387 1802,2379 1779,2376 1776,2376 1773,2376 1753,2384 1732,2392 1722,2387 1712,2379 1709,2379 1707,2379 1704,2379 1655,2389 1593,2405 1496,2402 1501,2456 1503,2494 1650,2474 1748,2476 1750,2476 1753,2476 1835,2443 1971,2438 2005,2456 2007,2456 2010,2456 2013,2456 2015,2456 2069,2428 2121,2446 2126,2448 2128,2448 2131,2448 2133,2448 2136,2448 2136,2446 2139,2446 2154,2425 2313,2430 2329,2430 2331,2430 2334,2430 2336,2430 2367,2407 2388,2425 2390,2428 2393,2428 2396,2428 2398,2428 2401,2428 2403,2428 2408,2422 2450,2397 2498,2394 2601,2407 2627,2410 2630,2410 2632,2410 2635,2410 2642,2405 2653,2394 2804,2389 2804,2363 2797,2315 2648,2322 2614,2312 2596,2315"/>
        <Baseline points="1501,2456 2051,2399 2483,2371 2804,2363"/>
        <TextEquiv conf="0.9595686996524985">
          <Unicode>tres vel 4 minutas, expirabat eodem modo sev</Unicode>
        </TextEquiv>
      </TextLine>

      
      
      <TextLine id="eSc_line_36bb5941" custom="structure {type:default;}">
        <Coords points="1529,2546 1678,2533 1681,2533 1725,2512 1799,2525 1812,2525 1815,2525 1817,2525 1827,2523 1887,2500 1984,2507 2000,2507 2002,2507 2005,2507 2007,2507 2010,2505 2028,2489 2064,2500 2077,2502 2079,2502 2082,2502 2085,2502 2087,2502 2092,2497 2105,2487 2118,2494 2131,2500 2133,2500 2136,2500 2192,2494 2195,2494 2198,2494 2198,2492 2200,2492 2203,2487 2210,2476 2267,2482 2321,2484 2324,2484 2326,2484 2357,2471 2393,2456 2424,2456 2434,2464 2444,2471 2444,2474 2447,2474 2450,2474 2452,2474 2455,2474 2488,2461 2519,2448 2581,2451 2673,2456 2676,2456 2794,2430 2797,2422 2789,2374 2555,2389 2552,2389 2516,2376 2514,2376 2511,2376 2509,2376 2416,2399 2406,2402 2398,2402 2360,2389 2357,2389 2354,2389 2352,2389 2349,2389 2329,2407 2326,2407 2306,2407 2164,2405 2162,2405 2159,2405 2157,2405 2136,2420 2128,2425 2123,2420 2105,2410 2103,2410 2100,2410 2097,2410 2095,2410 2031,2428 2000,2435 1979,2430 1938,2422 1935,2422 1933,2422 1871,2440 1838,2448 1820,2443 1799,2435 1797,2435 1794,2435 1791,2435 1766,2448 1745,2458 1521,2464 1527,2510"/>
        <Baseline points="1527,2510 2493,2425 2797,2422"/>
        <TextEquiv conf="0.9755380167847588">
          <Unicode>non cum caerulea colore nec in cacuminchle</Unicode>
        </TextEquiv>
      </TextLine>

      
      
      <TextLine id="eSc_line_b3dfa968" custom="structure {type:default;}">
        <Coords points="1694,2497 1691,2497 1689,2497 1689,2500 1673,2512 1671,2518 1521,2530 1529,2582 1532,2615 1812,2569 1812,2546 1804,2497 1699,2497 1696,2497"/>
        <Baseline points="1529,2582 1812,2546"/>
        <TextEquiv conf="0.9077564640478655">
          <Unicode>enii sed in</Unicode>
        </TextEquiv>
      </TextLine>

      
      
      <TextLine id="eSc_line_6b463638" custom="structure {type:default;}">
        <Coords points="2740,2425 2714,2425 2689,2425 2663,2425 2637,2425 2612,2425 2586,2425 2583,2425 2581,2425 2578,2425 2519,2446 2509,2448 2496,2448 2416,2438 2414,2438 2411,2438 2367,2458 2365,2458 2354,2458 2257,2456 2254,2456 2252,2456 2249,2456 2234,2469 2218,2456 2216,2456 2213,2456 2210,2456 2208,2456 2205,2456 2205,2458 2203,2458 2192,2471 2100,2469 2097,2469 2095,2469 2092,2469 2077,2482 2041,2469 2038,2469 2036,2469 2033,2469 2031,2469 2002,2487 1892,2479 1881,2479 1843,2497 1848,2543 1848,2569 2792,2489 2792,2482 2786,2425 2766,2425"/>
        <Baseline points="1848,2543 2540,2484 2792,2482"/>
        <TextEquiv conf="0.9585128794698154">
          <Unicode>moedio (+ Experimenta hoc faciendu</Unicode>
        </TextEquiv>
      </TextLine>

      
      
      <TextLine id="eSc_line_a96da7a6" custom="structure {type:default;}">
        <Coords points="1532,2682 1686,2659 1686,2631 1673,2574 1632,2595 1604,2587 1599,2587 1596,2587 1593,2587 1524,2602 1529,2646"/>
        <Baseline points="1529,2646 1686,2631"/>
        <TextEquiv conf="0.88118417263031">
          <Unicode>prium</Unicode>
        </TextEquiv>
      </TextLine>

      
      
      <TextLine id="eSc_line_16a0927c" custom="structure {type:default;}">
        <Coords points="2774,2484 2774,2487 2650,2487 2555,2489 2552,2489 2550,2489 2550,2492 2547,2492 2545,2497 2537,2507 2457,2507 2357,2507 2354,2507 2352,2507 2349,2507 2334,2518 2324,2525 2293,2523 2244,2518 2241,2518 2239,2518 2205,2530 2192,2536 2185,2533 2162,2525 2159,2525 2157,2525 2154,2525 2095,2541 2069,2548 2054,2546 2015,2538 2013,2538 1758,2574 1763,2615 1766,2651 1799,2638 1843,2649 1863,2651 1866,2651 1869,2651 1884,2643 1920,2625 1974,2636 1989,2638 1992,2638 1995,2638 2002,2633 2033,2618 2082,2628 2103,2631 2105,2631 2108,2631 2121,2623 2164,2602 2210,2618 2216,2618 2218,2618 2221,2618 2223,2618 2231,2615 2285,2592 2442,2597 2470,2597 2473,2597 2475,2597 2491,2592 2588,2564 2655,2579 2660,2579 2663,2579 2666,2579 2668,2579 2730,2551 2799,2566 2799,2530 2781,2476 2781,2484"/>
        <Baseline points="1763,2615 2573,2538 2799,2530"/>
        <TextEquiv conf="0.955510078292144">
          <Unicode>une mecht, quamdiu possit in recipient</Unicode>
        </TextEquiv>
      </TextLine>

      
      
      <TextLine id="eSc_line_919d0326" custom="structure {type:default;}">
        <Coords points="1645,2733 1647,2733 1779,2710 1858,2715 1861,2715 1863,2715 1866,2715 1889,2700 1894,2697 1915,2700 1982,2705 1984,2705 1987,2705 2020,2692 2049,2679 2126,2685 2149,2685 2151,2685 2154,2685 2167,2682 2210,2667 2223,2677 2228,2682 2231,2682 2234,2682 2236,2682 2239,2682 2267,2674 2329,2654 2789,2636 2789,2613 2781,2554 2681,2543 2678,2543 2676,2543 2635,2561 2501,2561 2498,2561 2496,2561 2493,2561 2470,2577 2457,2582 2408,2582 2282,2577 2280,2577 2277,2577 2228,2595 2213,2597 2195,2595 2139,2590 2136,2590 2133,2590 2131,2590 2113,2602 2092,2613 2064,2605 2036,2597 2033,2597 2031,2597 2028,2597 2025,2597 2013,2607 1995,2623 1820,2623 1722,2623 1719,2623 1717,2623 1704,2631 1676,2646 1565,2656 1516,2643 1519,2695 1519,2726"/>
        <Baseline points="1519,2695 1750,2692 2468,2618 2789,2613"/>
        <TextEquiv conf="0.97029224369261">
          <Unicode>geicrumu. aeinde an aliquam aeris ut sic dica</Unicode>
        </TextEquiv>
      </TextLine>

      
      
      <TextLine id="eSc_line_f6fd28bb" custom="structure {type:default;}">
        <Coords points="1876,2682 1874,2682 1863,2697 1861,2700 1704,2710 1696,2710 1588,2705 1586,2705 1583,2705 1539,2723 1545,2764 1550,2800 1647,2775 1701,2787 1709,2787 1712,2787 1714,2787 1725,2785 1791,2764 1804,2777 1807,2777 1809,2777 1812,2777 1825,2775 1948,2751 2010,2759 2043,2762 2046,2762 2049,2762 2077,2751 2118,2739 2182,2744 2244,2746 2246,2746 2249,2746 2252,2746 2270,2733 2272,2733 2275,2733 2300,2741 2303,2741 2306,2741 2308,2741 2311,2741 2311,2739 2313,2739 2321,2731 2326,2723 2354,2726 2411,2733 2414,2733 2416,2733 2465,2715 2486,2710 2511,2713 2565,2718 2568,2718 2743,2690 2743,2672 2732,2620 2573,2643 2560,2633 2552,2628 2550,2628 2547,2628 2545,2628 2542,2628 2501,2638 2468,2649 2444,2643 2406,2638 2403,2638 2321,2656 2270,2667 2254,2661 2231,2654 2228,2654 2226,2654 2085,2677 2074,2677 2072,2677 2007,2669 2005,2669 2002,2669 1948,2690 1935,2692 1928,2690 1887,2679 1884,2679 1876,2679"/>
        <Baseline points="1545,2764 2743,2672"/>
        <TextEquiv conf="0.9673957857820723">
          <Unicode>sentiam consumat flamma ut respirat.</Unicode>
        </TextEquiv>
      </TextLine>

      
      
      <TextLine id="eSc_line_285d5761" custom="structure {type:default;}">
        <Coords points="1781,2749 1761,2769 1596,2780 1483,2769 1488,2836 1488,2864 1696,2849 1699,2849 1755,2828 1794,2844 1797,2844 1799,2844 1812,2841 1920,2818 1946,2828 1948,2828 1951,2828 1953,2828 1956,2828 1982,2810 2077,2821 2103,2823 2105,2823 2108,2823 2123,2818 2182,2795 2311,2800 2313,2800 2316,2800 2375,2782 2393,2795 2393,2798 2396,2798 2398,2798 2401,2798 2439,2792 2529,2777 2552,2782 2573,2790 2576,2790 2578,2790 2645,2785 2648,2785 2650,2785 2663,2775 2686,2759 2743,2767 2745,2736 2735,2679 2622,2687 2619,2687 2617,2687 2581,2710 2483,2703 2480,2703 2478,2703 2421,2721 2401,2705 2398,2705 2396,2705 2393,2705 2390,2705 2290,2731 2157,2721 2151,2721 2149,2721 2146,2721 2144,2721 2041,2749 2015,2736 2013,2736 2010,2736 1894,2759 1794,2746 1789,2746 1781,2746"/>
        <Baseline points="1488,2836 1573,2818 2745,2736"/>
        <TextEquiv conf="0.9795642466079898">
          <Unicode>eu eodem tempore quo flamma, et animal in</Unicode>
        </TextEquiv>
      </TextLine>

      
      
      <TextLine id="eSc_line_465bf4a0" custom="structure {type:default;}">
        <Coords points="1516,2929 1601,2903 1712,2913 1717,2913 1719,2913 1722,2913 1725,2913 1766,2895 1956,2893 1959,2893 1961,2893 1982,2877 2128,2880 2164,2880 2167,2880 2169,2880 2172,2880 2177,2877 2208,2857 2313,2864 2344,2867 2347,2867 2401,2859 2555,2831 2758,2831 2758,2798 2753,2762 2696,2744 2694,2744 2691,2744 2689,2744 2619,2772 2619,2775 2555,2777 2552,2777 2537,2762 2534,2762 2532,2762 2529,2762 2527,2762 2524,2762 2524,2764 2522,2764 2511,2780 2509,2780 2424,2772 2421,2772 2419,2772 2416,2772 2416,2775 2414,2775 2406,2785 2388,2769 2388,2767 2385,2767 2383,2767 2380,2767 2175,2782 2172,2782 2169,2782 2139,2805 2133,2808 2121,2805 2043,2792 2041,2792 2038,2792 2036,2792 2036,2795 2015,2813 2013,2816 1984,2816 1851,2810 1848,2810 1845,2810 1812,2826 1804,2831 1797,2828 1761,2813 1758,2813 1755,2813 1653,2839 1614,2849 1506,2849 1511,2882"/>
        <Baseline points="1511,2882 1845,2870 2758,2798"/>
        <TextEquiv conf="0.9749456375837326">
          <Unicode>reciiente extinguatur obturato tantum an</Unicode>
        </TextEquiv>
      </TextLine>

      
      
      <TextLine id="eSc_line_c015f08b" custom="structure {type:default;}">
        <Coords points="2568,2813 2560,2813 2537,2818 2406,2846 2306,2852 2272,2841 2262,2839 2259,2839 2249,2839 2236,2844 2187,2864 2031,2872 2015,2864 2002,2859 2000,2859 1997,2859 1930,2872 1851,2888 1817,2882 1781,2877 1779,2877 1776,2877 1753,2888 1730,2900 1614,2908 1606,2900 1599,2895 1599,2893 1596,2893 1593,2893 1591,2893 1516,2908 1521,2947 1524,2990 1681,2965 1709,2977 1712,2977 1714,2977 1717,2977 1815,2954 1863,2965 1866,2965 1869,2965 1871,2965 1871,2962 1874,2962 1884,2949 1992,2954 1995,2954 1997,2954 2002,2954 2126,2929 2180,2939 2182,2939 2185,2939 2192,2939 2342,2911 2354,2921 2357,2921 2360,2921 2362,2921 2365,2921 2367,2921 2367,2918 2370,2918 2378,2908 2403,2916 2406,2916 2408,2916 2534,2895 2550,2908 2552,2908 2555,2908 2558,2908 2568,2908 2753,2877 2797,2888 2802,2854 2786,2795 2750,2818 2596,2828 2573,2816 2573,2813 2570,2813"/>
        <Baseline points="1521,2947 1910,2926 2630,2859 2802,2854"/>
        <TextEquiv conf="0.9618447754870761">
          <Unicode>saer capam alterius caudetae tantunde tempo–</Unicode>
        </TextEquiv>
      </TextLine>

      
      
      <TextLine id="eSc_line_5420f236" custom="structure {type:default;}">
        <Coords points="2689,2859 2686,2859 2686,2862 2684,2862 2678,2872 2671,2880 2573,2888 2552,2882 2532,2875 2529,2875 2527,2875 2342,2890 2272,2906 2198,2921 2151,2916 2113,2911 2110,2911 2108,2911 2105,2911 2105,2913 2103,2913 2100,2918 2092,2929 1881,2949 1827,2942 1807,2939 1804,2939 1802,2939 1791,2944 1763,2960 1704,2952 1681,2949 1678,2949 1676,2949 1673,2949 1668,2954 1645,2970 1563,2965 1568,3008 1573,3062 1645,3029 1707,3049 1712,3049 1714,3049 1717,3049 1719,3049 1732,3047 1812,3024 1848,3034 1856,3037 1858,3037 1861,3037 1863,3037 1866,3037 1874,3031 1923,3001 2013,2995 2049,3013 2054,3016 2056,3016 2059,3016 2061,3016 2064,3016 2064,3013 2067,3011 2095,2985 2157,2985 2182,3001 2190,3006 2192,3006 2195,3006 2198,3006 2200,3006 2203,3006 2216,2995 2246,2975 2360,2983 2434,2985 2437,2985 2552,2975 2555,2975 2596,2957 2632,2942 2686,2947 2743,2954 2745,2954 2748,2954 2789,2936 2789,2916 2781,2864 2694,2859 2691,2859"/>
        <Baseline points="1568,3008 1753,3003 2506,2929 2789,2916"/>
        <TextEquiv conf="0.9718480774334499">
          <Unicode>sustinendi, an prima oc ex eo untru</Unicode>
        </TextEquiv>
      </TextLine>

      
      
      <TextLine id="eSc_line_07eed7e2" custom="structure {type:default;}">
        <Coords points="2313,3039 2617,3039 2619,3039 2648,3031 2717,3011 2807,3024 2810,2998 2799,2918 2743,2949 2696,2931 2681,2926 2678,2926 2676,2926 2550,2949 2493,2942 2491,2942 2488,2942 2486,2942 2450,2965 2434,2975 2308,2983 2313,3026"/>
        <Baseline points="2313,3026 2684,2993 2810,2998"/>
        <TextEquiv conf="0.9255058579146862">
          <Unicode>Sumatur Cucurbit</Unicode>
        </TextEquiv>
      </TextLine>

      
      
      <TextLine id="eSc_line_2eddd14f" custom="structure {type:default;}">
        <Coords points="1766,3145 1833,3157 1835,3157 1979,3134 1989,3134 1995,3134 2049,3150 2051,3150 2054,3150 2056,3150 2128,3127 2128,3103 2121,3055 1763,3078 1766,3116"/>
        <Baseline points="1766,3116 2128,3103"/>
        <TextEquiv conf="0.9433007352054119">
          <Unicode>clavas abscissae</Unicode>
        </TextEquiv>
      </TextLine>

      
      
      <TextLine id="eSc_line_1ea6fa18" custom="structure {type:default;}">
        <Coords points="2717,2995 2704,2995 2632,3019 2622,3021 2604,3021 2524,3016 2522,3016 2432,3031 2419,3034 2416,3034 2396,3019 2383,3021 2378,3021 2334,3039 2318,3044 2306,3042 2254,3026 2252,3026 2249,3026 2246,3026 2154,3049 2159,3098 2159,3114 2396,3085 2473,3096 2493,3098 2496,3098 2498,3098 2509,3093 2547,3078 2581,3088 2586,3091 2588,3091 2591,3091 2594,3091 2596,3091 2596,3088 2599,3088 2612,3070 2645,3085 2648,3085 2650,3085 2653,3085 2655,3085 2663,3083 2720,3067 2807,3073 2810,3049 2804,3008 2753,2995 2743,2995"/>
        <Baseline points="2159,3098 2491,3060 2810,3049"/>
        <TextEquiv conf="0.9373837301605626">
          <Unicode>ahbu pars angustior</Unicode>
        </TextEquiv>
      </TextLine>

      
      
      <TextLine id="eSc_line_98650d68" custom="structure {type:default;}">
        <Coords points="2617,3057 2594,3057 2583,3067 2578,3073 2488,3073 2491,3119 2491,3134 2681,3137 2684,3137 2686,3137 2689,3137 2689,3134 2691,3134 2702,3121 2817,3134 2820,3109 2810,3049 2789,3062 2696,3057 2653,3055 2642,3057"/>
        <Baseline points="2491,3119 2648,3106 2820,3109"/>
        <TextEquiv conf="0.8765309651692709">
          <Unicode>glutine solitum</Unicode>
        </TextEquiv>
      </TextLine>

      
      
      <TextLine id="eSc_line_bbfff5ae" custom="structure {type:default;}">
        <Coords points="1779,3216 1827,3198 1897,3211 1910,3211 1912,3211 1930,3209 1992,3193 2015,3204 2028,3209 2031,3209 2033,3209 2087,3206 2090,3206 2092,3206 2092,3204 2100,3198 2113,3188 2172,3193 2218,3198 2221,3198 2223,3198 2226,3198 2226,3196 2234,3191 2249,3178 2282,3188 2303,3193 2306,3193 2308,3193 2311,3193 2344,3183 2344,3152 2336,3121 1771,3134 1776,3180"/>
        <Baseline points="1776,3180 2344,3152"/>
        <TextEquiv conf="0.9595919877290726">
          <Unicode>b. in theca carginea</Unicode>
        </TextEquiv>
      </TextLine>

      
      
      <TextLine id="eSc_line_7414e5dd" custom="structure {type:default;}">
        <Coords points="2774,3109 2771,3109 2768,3109 2725,3132 2704,3116 2702,3116 2699,3116 2696,3116 2509,3127 2506,3127 2455,3147 2367,3145 2365,3145 2362,3145 2326,3162 2321,3168 2028,3186 2020,3183 1997,3173 1995,3173 1992,3173 1917,3191 1912,3191 1907,3191 1863,3178 1861,3178 1858,3178 1856,3178 1804,3196 1809,3237 1815,3281 1884,3252 1902,3268 1905,3268 1907,3268 1910,3268 1989,3252 2025,3265 2028,3265 2031,3265 2036,3265 2234,3234 2262,3247 2264,3247 2267,3247 2398,3227 2504,3232 2509,3232 2511,3232 2514,3232 2588,3201 2678,3206 2681,3206 2761,3191 2807,3211 2810,3160 2804,3129 2779,3109 2776,3109"/>
        <Baseline points="1809,3237 2362,3204 2581,3170 2810,3160"/>
        <TextEquiv conf="0.9839742643492563">
          <Unicode>firmetur, tubus lamineus de per me–</Unicode>
        </TextEquiv>
      </TextLine>

      
      
      <TextLine id="eSc_line_8f2b1ded" custom="structure {type:default;}">
        <Coords points="1853,3317 2789,3250 2789,3216 2784,3183 2632,3183 2630,3183 2627,3183 2604,3193 2586,3204 2288,3224 2252,3216 2236,3214 2234,3214 2172,3222 2015,3245 1848,3245 1853,3291"/>
        <Baseline points="1853,3291 2401,3258 2789,3216"/>
        <TextEquiv conf="0.9760425802734163">
          <Unicode>tim vitri et tecae constituatur, ita</Unicode>
        </TextEquiv>
      </TextLine>

      
      
      <TextLine id="eSc_line_83ea2584" custom="structure {type:default;}">
        <Coords points="2704,3224 2666,3237 2671,3278 2671,3304 2784,3309 2784,3268 2779,3229 2740,3222 2717,3224"/>
        <Baseline points="2671,3278 2784,3268"/>
        <TextEquiv conf="0.9427821636199951">
          <Unicode>isto</Unicode>
        </TextEquiv>
      </TextLine>

      
      
      <TextLine id="eSc_line_ddd42d2e" custom="structure {type:default;}">
        <Coords points="1848,3373 2013,3353 2105,3360 2113,3360 2115,3360 2118,3360 2121,3360 2144,3345 2239,3353 2241,3353 2244,3353 2298,3335 2313,3347 2313,3350 2316,3350 2318,3350 2321,3350 2347,3347 2537,3324 2581,3335 2586,3291 2581,3260 1843,3306 1845,3342"/>
        <Baseline points="1845,3342 2339,3317 2586,3291"/>
        <TextEquiv conf="0.9468177667370549">
          <Unicode>ut foramen ejus e ad vel in</Unicode>
        </TextEquiv>
      </TextLine>

      
      
      <TextLine id="eSc_line_7fd5bae4" custom="structure {type:default;}">
        <Coords points="2159,3327 2056,3345 1910,3345 1907,3345 1905,3345 1902,3345 1892,3353 1897,3396 1899,3425 2807,3360 2807,3337 2802,3294 2714,3299 2702,3288 2702,3286 2699,3286 2696,3286 2694,3286 2599,3306 2588,3312 2208,3337 2205,3337 2182,3324 2175,3327"/>
        <Baseline points="1897,3396 2671,3337 2807,3337"/>
        <TextEquiv conf="0.9793878683337459">
          <Unicode>iu q recipientis L. accommo</Unicode>
        </TextEquiv>
      </TextLine>

      
      
      <TextLine id="eSc_line_90d86192" custom="structure {type:default;}">
        <Coords points="1861,3499 2010,3468 2059,3491 2069,3497 2072,3497 2074,3497 2162,3486 2162,3450 2157,3404 2002,3396 2000,3396 1858,3412 1861,3455"/>
        <Baseline points="1861,3455 2162,3450"/>
        <TextEquiv conf="0.9265557706356049">
          <Unicode>dari posse</Unicode>
        </TextEquiv>
      </TextLine>

      
      
      <TextLine id="eSc_line_81a06f7f" custom="structure {type:default;}">
        <Coords points="2311,3450 2411,3463 2414,3463 2483,3458 2486,3458 2488,3458 2509,3443 2522,3435 2573,3440 2617,3445 2619,3445 2622,3445 2645,3437 2694,3422 2730,3435 2740,3437 2743,3437 2745,3437 2815,3430 2815,3401 2807,3342 2306,3383 2311,3432"/>
        <Baseline points="2311,3432 2653,3401 2815,3401"/>
        <TextEquiv conf="0.9899771704393274">
          <Unicode>sitrum ad dim dia</Unicode>
        </TextEquiv>
      </TextLine>

      
      
      <TextLine id="eSc_line_af31b538" custom="structure {type:default;}">
        <Coords points="1848,3584 2064,3543 2087,3563 2090,3563 2090,3566 2092,3566 2095,3566 2097,3568 2133,3568 2133,3566 2311,3553 2313,3553 2372,3532 2426,3517 2547,3517 2668,3517 2668,3515 2799,3489 2799,3461 2792,3422 2550,3425 2547,3425 2545,3425 2524,3440 2434,3440 2432,3440 2429,3440 2426,3440 2408,3453 2393,3463 2316,3461 2285,3461 2282,3461 2172,3473 2036,3489 2028,3486 1992,3466 1989,3466 1987,3466 1902,3471 1899,3471 1840,3497 1845,3535"/>
        <Baseline points="1845,3535 2244,3520 2516,3481 2799,3461"/>
        <TextEquiv conf="0.9831062455972036">
          <Unicode>partem ga aqua impleatur</Unicode>
        </TextEquiv>
      </TextLine>

      
      
      <TextLine id="eSc_line_0c0bb899" custom="structure {type:default;}">
        <Coords points="1874,3643 1941,3625 1961,3635 1966,3640 1969,3640 1971,3640 1974,3640 1977,3640 1979,3640 1979,3638 1982,3638 1984,3635 1989,3628 2038,3630 2100,3633 2103,3633 2105,3633 2133,3622 2157,3612 2167,3620 2175,3625 2177,3625 2180,3625 2182,3625 2424,3610 2426,3610 2455,3594 2473,3584 2560,3579 2586,3584 2627,3594 2630,3594 2632,3594 2784,3566 2784,3545 2774,3479 2660,3507 2609,3499 2606,3499 2604,3499 2601,3499 2581,3517 2516,3504 2493,3499 2491,3499 2488,3499 2486,3499 2486,3502 2483,3502 2480,3507 2473,3515 2460,3509 2450,3504 2447,3504 2444,3504 2383,3512 2380,3512 2378,3512 2370,3517 2344,3538 2270,3540 2252,3530 2249,3527 2246,3527 2244,3527 2241,3527 2239,3527 2236,3527 2231,3532 2205,3548 2115,3550 2103,3545 2074,3530 2072,3530 2069,3530 1987,3538 1984,3538 1982,3538 1956,3558 1953,3561 1948,3561 1892,3550 1889,3550 1887,3550 1884,3550 1866,3561 1871,3610"/>
        <Baseline points="1871,3610 2213,3592 2578,3553 2784,3545"/>
        <TextEquiv conf="0.9852874554120578">
          <Unicode>et desuper immittati minor</Unicode>
        </TextEquiv>
      </TextLine>

      
      
      <TextLine id="eSc_line_bf240b7c" custom="structure {type:default;}">
        <Coords points="1935,3607 1933,3607 1856,3630 1863,3640 1860,3659 1861,3669 1863,3707 2213,3689 2216,3689 2218,3689 2226,3682 2241,3671 2259,3679 2275,3687 2277,3687 2280,3687 2372,3671 2450,3658 2516,3661 2594,3664 2596,3664 2599,3664 2640,3651 2663,3646 2684,3648 2740,3658 2743,3658 2745,3658 2784,3640 2784,3612 2779,3574 2606,3566 2604,3566 2524,3574 2522,3574 2519,3574 2519,3576 2516,3576 2506,3589 2439,3576 2437,3576 2434,3576 2432,3576 2432,3579 2411,3597 2411,3599 2313,3604 2303,3604 2249,3597 2246,3597 2244,3597 2241,3597 2226,3610 2223,3610 2200,3610 2025,3610 2023,3610 2020,3610 1977,3622 1941,3607 1938,3607"/>
        <Baseline points="1861,3669 2784,3612"/>
        <TextEquiv conf="0.9888045280068009">
          <Unicode>aliqua cucurbitaf ad fundum</Unicode>
        </TextEquiv>
      </TextLine>

      
      
      <TextLine id="eSc_line_fd6ac8d3" custom="structure {type:default;}">
        <Coords points="1858,3782 1920,3779 1923,3779 1925,3779 1925,3777 1948,3759 2007,3774 2010,3774 2013,3774 2015,3774 2018,3774 2103,3741 2257,3735 2321,3751 2324,3751 2326,3751 2329,3751 2331,3751 2334,3751 2365,3730 2403,3746 2414,3748 2416,3748 2419,3748 2421,3748 2432,3743 2473,3720 2504,3738 2506,3738 2509,3738 2511,3738 2532,3735 2635,3715 2681,3725 2714,3730 2717,3730 2720,3730 2722,3730 2738,3720 2761,3705 2794,3715 2799,3682 2792,3622 2676,3646 2648,3633 2645,3633 2642,3633 2509,3640 2506,3640 2493,3646 2447,3666 2367,3669 2344,3656 2331,3651 2329,3651 2326,3651 2324,3651 2321,3651 2308,3658 2282,3674 2264,3664 2252,3656 2249,3656 2246,3656 2244,3656 2221,3666 2208,3671 2182,3669 2139,3666 2136,3666 2133,3666 2131,3666 2123,3674 2108,3684 2061,3679 2033,3676 2031,3676 1854,3694 1852,3704 1856,3741"/>
        <Baseline points="1856,3741 2799,3682"/>
        <TextEquiv conf="0.9567999809980392">
          <Unicode>b fere pertinsens totum appli–</Unicode>
        </TextEquiv>
      </TextLine>

      
      
      <TextLine id="eSc_line_9d6ad59b" custom="structure {type:default;}">
        <Coords points="1866,3835 1878,3849 2025,3851 2028,3851 2031,3851 2033,3851 2033,3849 2041,3841 2054,3828 2123,3825 2203,3833 2246,3838 2249,3838 2252,3838 2254,3838 2264,3831 2285,3818 2362,3825 2365,3825 2367,3825 2370,3825 2514,3802 2537,3818 2540,3820 2542,3820 2545,3820 2547,3820 2578,3815 2666,3802 2678,3813 2681,3813 2684,3813 2686,3813 2689,3813 2691,3813 2691,3810 2717,3795 2797,3805 2799,3753 2794,3700 2738,3694 2735,3694 2732,3694 2712,3705 2689,3717 2666,3707 2642,3700 2640,3700 2637,3700 2635,3700 2632,3700 2614,3712 2594,3725 2534,3717 2465,3710 2462,3710 2460,3710 2457,3710 2429,3725 2416,3735 2406,3728 2390,3715 2388,3715 2385,3715 2383,3715 2380,3715 2326,3733 2295,3720 2293,3720 2290,3720 2288,3720 2285,3720 2285,3723 2270,3738 2264,3743 2244,3741 2182,3733 2180,3733 2095,3753 2077,3756 2074,3753 2049,3738 2046,3738 2043,3738 2041,3738 2038,3738 1989,3761 1987,3761 1959,3741 1956,3741 1953,3741 1951,3741 1948,3741 1861,3769 1866,3813"/>
        <Baseline points="1866,3813 2226,3782 2799,3753"/>
        <TextEquiv conf="0.9833677325929914">
          <Unicode>cetur ad exemtte Recipientis</Unicode>
        </TextEquiv>
      </TextLine>

      
      
      <TextLine id="eSc_line_a27fd56a" custom="structure {type:default;}">
        <Coords points="1987,3908 2041,3915 2043,3915 2046,3915 2049,3915 2049,3913 2061,3902 2067,3895 2139,3890 2154,3895 2187,3908 2190,3908 2192,3908 2195,3908 2198,3908 2198,3905 2213,3890 2221,3882 2234,3887 2244,3892 2246,3892 2249,3892 2252,3892 2272,3885 2295,3877 2300,3882 2311,3892 2313,3892 2316,3892 2318,3892 2321,3892 2324,3892 2324,3890 2326,3890 2334,3879 2339,3874 2378,3877 2555,3890 2558,3890 2560,3890 2612,3867 2671,3872 2673,3872 2676,3872 2766,3843 2766,3825 2761,3784 2714,3771 2712,3771 2709,3771 2707,3771 2704,3771 2704,3774 2702,3774 2689,3792 2630,3795 2624,3795 2555,3782 2552,3782 2550,3782 2473,3805 2470,3805 2468,3805 2414,3795 2411,3795 2226,3820 2208,3823 2200,3823 2136,3810 2133,3810 1982,3836 1987,3874"/>
        <Baseline points="1987,3874 2488,3836 2766,3825"/>
        <TextEquiv conf="0.995511015256246">
          <Unicode>stistomium g. appensa</Unicode>
        </TextEquiv>
      </TextLine>

      
      
      <TextLine id="eSc_line_f8d79fa0" custom="structure {type:default;}">
        <Coords points="1928,3977 2015,3980 2018,3980 2020,3980 2023,3980 2023,3977 2025,3977 2028,3974 2036,3962 2110,3956 2154,3967 2164,3969 2167,3969 2169,3969 2172,3969 2182,3967 2218,3954 2303,3959 2334,3962 2336,3962 2339,3962 2349,3959 2393,3941 2414,3954 2416,3956 2419,3956 2421,3956 2424,3956 2519,3951 2522,3951 2527,3949 2568,3931 2689,3941 2699,3941 2702,3941 2704,3941 2707,3941 2748,3920 2789,3936 2794,3900 2786,3836 2622,3846 2619,3846 2609,3851 2552,3879 2288,3890 2270,3882 2246,3867 2244,3867 2241,3867 2239,3867 2236,3867 2157,3892 2126,3900 2105,3895 2074,3890 2072,3890 2069,3890 2043,3902 2036,3905 2033,3902 2020,3890 2020,3887 2018,3887 2015,3887 1974,3887 1971,3887 1969,3887 1923,3908 1928,3949"/>
        <Baseline points="1928,3949 2794,3900"/>
        <TextEquiv conf="0.8993978599707285">
          <Unicode>intus candela ne ullusnitri</Unicode>
        </TextEquiv>
      </TextLine>

      
      
      <TextLine id="eSc_line_f861df62" custom="structure {type:default;}">
        <Coords points="1930,4041 2038,4046 2041,4046 2043,4046 2103,4031 2131,4023 2151,4026 2205,4036 2208,4036 2288,4018 2308,4013 2318,4016 2357,4023 2360,4023 2362,4023 2365,4023 2365,4021 2375,4010 2380,4008 2388,4010 2424,4021 2426,4021 2429,4021 2432,4021 2434,4021 2434,4018 2447,4005 2452,4003 2462,4005 2522,4016 2524,4016 2527,4016 2529,4016 2529,4013 2545,4000 2547,3998 2550,3998 2604,4010 2606,4010 2766,3982 2766,3959 2758,3910 1925,3964 1930,4013"/>
        <Baseline points="1930,4013 2766,3959"/>
        <TextEquiv conf="0.9501110955520913">
          <Unicode>re vel exire possit aer isi</Unicode>
        </TextEquiv>
      </TextLine>

      
      
      <TextLine id="eSc_line_b21986c4" custom="structure {type:default;}">
        <Coords points="2097,4016 2077,4028 1933,4028 1938,4072 1938,4111 2144,4087 2226,4095 2228,4095 2347,4077 2372,4090 2378,4093 2380,4093 2383,4093 2385,4093 2388,4093 2388,4090 2390,4090 2401,4075 2468,4085 2483,4087 2486,4087 2488,4087 2498,4085 2547,4067 2612,4077 2624,4080 2627,4080 2630,4080 2642,4077 2689,4064 2802,4067 2802,4028 2792,3967 2660,3972 2658,3972 2655,3972 2655,3974 2653,3974 2630,4000 2591,4005 2545,4005 2506,3985 2498,3982 2496,3982 2493,3982 2491,3982 2475,3987 2419,4010 2316,4000 2308,4000 2306,4000 2288,4003 2187,4016 2164,4010 2131,4000 2113,4000"/>
        <Baseline points="1938,4072 2802,4028"/>
        <TextEquiv conf="0.9402891126545992">
          <Unicode>nq tubum ed in tubum superpositum</Unicode>
        </TextEquiv>
      </TextLine>

      
      
      <TextLine id="eSc_line_f129f162" custom="structure {type:default;}">
        <Coords points="1964,4177 2043,4149 2115,4167 2118,4167 2121,4167 2123,4167 2126,4167 2162,4144 2313,4154 2318,4154 2321,4154 2326,4154 2460,4123 2540,4139 2542,4139 2545,4139 2624,4113 2779,4123 2781,4095 2776,4049 2691,4044 2689,4044 2686,4044 2622,4059 2519,4046 2516,4046 2514,4046 2511,4046 2475,4070 2426,4054 2424,4054 2421,4054 2419,4054 2416,4054 2416,4057 2393,4075 2393,4077 2318,4080 2316,4080 2252,4064 2249,4064 2246,4064 2118,4072 1956,4103 1961,4141"/>
        <Baseline points="1961,4141 2506,4100 2781,4095"/>
        <TextEquiv conf="0.9616032799084981">
          <Unicode>f Ita primo quide vitrum f. se</Unicode>
        </TextEquiv>
      </TextLine>

      
      
      <TextLine id="eSc_line_f1ccddfd" custom="structure {type:default;}">
        <Coords points="2524,4118 2519,4118 2516,4118 2452,4108 2450,4108 2372,4113 2370,4113 2367,4113 2367,4116 2352,4129 2342,4129 2210,4123 2190,4126 2187,4126 2100,4144 2092,4144 2090,4144 2064,4134 2061,4134 2036,4136 2015,4136 1935,4152 1938,4193 1939,4212 1941,4214 1940,4217 1941,4237 2025,4211 2092,4224 2105,4226 2108,4226 2246,4219 2249,4219 2252,4219 2262,4211 2290,4195 2313,4208 2329,4213 2331,4213 2334,4213 2336,4213 2339,4213 2354,4203 2380,4188 2666,4175 2678,4177 2722,4190 2725,4190 2727,4190 2730,4190 2771,4170 2771,4144 2766,4103 2650,4098 2640,4098"/>
        <Baseline points="1938,4193 2771,4144"/>
        <TextEquiv conf="0.983080546770777">
          <Unicode>elevavit flamima recipientis</Unicode>
        </TextEquiv>
      </TextLine>

      
      
      <TextLine id="eSc_line_aa16a49d" custom="structure {type:default;}">
        <Coords points="1938,4280 2804,4242 2804,4213 2794,4154 2738,4175 2658,4165 2642,4162 2640,4162 2637,4162 2627,4165 2586,4183 2555,4170 2545,4167 2542,4167 2540,4167 2488,4170 2486,4170 2483,4170 2483,4172 2478,4175 2465,4188 2372,4183 2285,4180 2282,4180 2280,4180 2277,4180 2262,4190 2249,4198 2180,4198 2085,4195 2082,4195 2079,4195 2056,4206 2054,4208 2049,4206 2025,4195 2023,4195 2020,4195 2018,4195 2015,4195 2000,4211 1997,4213 1940,4213 1941,4214 1936,4227 1938,4257"/>
        <Baseline points="1938,4257 2365,4226 2804,4213"/>
        <TextEquiv conf="0.9823137694789518">
          <Unicode>calefacta in ipsum intrante sed</Unicode>
        </TextEquiv>
      </TextLine>

      
      
      <TextLine id="eSc_line_d998bab6" custom="structure {type:default;}">
        <Coords points="1928,4352 1971,4329 2007,4347 2010,4347 2013,4347 2015,4347 2018,4347 2018,4344 2020,4344 2036,4324 2293,4324 2295,4324 2298,4324 2300,4324 2318,4308 2344,4319 2347,4319 2349,4319 2352,4319 2421,4301 2786,4301 2789,4272 2781,4226 2488,4244 2478,4244 2411,4234 2408,4234 2406,4234 2342,4252 2339,4252 2270,4242 2267,4242 2123,4267 2110,4267 2103,4267 1997,4257 1995,4257 1992,4257 1923,4278 1925,4316"/>
        <Baseline points="1925,4316 2488,4278 2789,4272"/>
        <TextEquiv conf="0.9759595462909112">
          <Unicode>post unam altramve minutam</Unicode>
        </TextEquiv>
      </TextLine>

      
      
      <TextLine id="eSc_line_91cd6982_a" custom="structure {type:default;}">
        <Coords points="2522,4278 2470,4296 2455,4283 2455,4280 2447,4283 2434,4283 2362,4303 2329,4311 2282,4306 2190,4298 2182,4298 2141,4314 2108,4326 2079,4319 2051,4308 2036,4308 2023,4321 2010,4329 1992,4321 1971,4314 1959,4316 1953,4316 1941,4324 1917,4339 1882,4330 1868,4345 1734,4348 1593,4360 1552,4377 1555,4411 1557,4457 1707,4422 1745,4442 1748,4442 1750,4442 1838,4424 1851,4434 1853,4434 1856,4434 1858,4434 1861,4434 1930,4404 1974,4427 1977,4427 1979,4427 2151,4388 2169,4404 2172,4404 2175,4404 2177,4404 2180,4404 2239,4388 2285,4406 2288,4406 2290,4406 2293,4406 2295,4406 2295,4404 2326,4375 2357,4386 2360,4386 2362,4386 2460,4365 2599,4373 2601,4373 2604,4373 2606,4373 2606,4370 2609,4370 2622,4352 2663,4352 2743,4375 2745,4375 2748,4375 2817,4370 2817,4334 2812,4280 2658,4278 2655,4278 2653,4278 2630,4288 2624,4290 2612,4290 2527,4278 2524,4278"/>
        <Baseline points="1555,4411 2403,4344 2817,4334"/>
        <TextEquiv conf="0.9383650322755178">
          <Unicode>Aetrum f. item descendit en fundum pehit., Et vides</Unicode>
        </TextEquiv>
      </TextLine>

      
      
      <TextLine id="eSc_line_8f4a7051" custom="structure {type:default;}">
        <Coords points="2298,4460 2347,4437 2460,4445 2496,4447 2498,4447 2501,4447 2516,4440 2550,4424 2596,4432 2624,4437 2627,4437 2702,4422 2702,4391 2694,4342 2290,4365 2295,4416"/>
        <Baseline points="2295,4416 2702,4391"/>
        <TextEquiv conf="0.9534191489219666">
          <Unicode>f. ascendere, et</Unicode>
        </TextEquiv>
      </TextLine>

      
    </TextRegion>
    
    <TextRegion id="r1"  custom="structure {type:GraphicZone-figure;}">
      <Coords points="1650,3143 1545,3150 1518,3216 1540,3250 1556,3329 1579,3430 1599,3457 1548,3469 1544,3526 1536,3605 1540,3682 1610,3662 1590,3692 1555,3724 1575,3834 1580,3857 1629,3862 1601,3930 1622,3953 1620,3983 1599,4014 1593,4065 1526,4131 1517,4172 1513,4271 1540,4308 1628,4350 1685,4354 1786,4344 1866,4297 1879,4214 1858,4123 1807,4084 1777,4032 1774,4006 1841,3967 1847,3939 1836,3921 1784,3908 1755,3860 1768,3811 1784,3724 1793,3692 1756,3686 1752,3631 1804,3602 1802,3544 1782,3523 1794,3475 1783,3446 1747,3439 1746,3414 1769,3373 1747,3255 1698,3191 1658,3186"/>
      
    </TextRegion>
    
    <TextRegion id="r3"  custom="structure {type:NumberingZone;}">
      <Coords points="2728,4378 2725,4500 2840,4473 2839,4379"/>
      
    </TextRegion>
    

    
  </Page>
</PcGts>
