3268 4800
1027 106 1224 210 quaesivi
112 152 1715 269 Hrustra immumera machinamenta quae sivi ad efficiendam
128 237 1840 362 ut aliquod comprimatur in quibus soliu vel compressionis
128 309 1894 450 vel tensionis ostenderetur Tensionem  s vel compressionem
152 394 1910 528 solam nihil agere, aut totum agere. Nam in experimento
1461 456 1499 525 n
165 466 1867 618 1 ostendi quidem funiculum a sola aeris pressione
165 557 2112 706 suspendiMercurium, pressione licet tensione licet aeris interni
154 629 1851 792 us ablata. Sed nullu experimentumreperire
173 714 1952 885 potui quo ostenderem an non fortasse similiter pressione
173 800 1952 949 aeris externi sublata, solaque tensione interni remanente
136 880 1848 1050 effectus f fieret: ac proinde proprie noc tensioni
165 970 1688 1120 nec compressioni sed utrique simul, seu ipsi
152 1066 1646 1186 difformitati ascribendus sit effectus, cui scilicet
160 1128 1803 1272 quam natura non nisi coacta admitat in mundo
186 1216 1621 1344 admittat in Mundo Nullum inquam, nam
133 1272 1632 1432 etsi in Recipiente Exhausto, pressione aeris extra
136 1357 1651 1496 Tubum ablata Mercurius descendat modo scilicet
138 1442 1632 1586 aere purgatus sit, id tamen fieri putandum est,
128 1517 1584 1661 ad hoc tamen responderi potest eum a tensione
136 1589 1662 1730 aeris extra Tubum, quippe summe dilatati, et
154 1672 1742 1805 se contrahere conantis fortius trahi, quam a ttensione
152 1741 1613 1885 aeris spatium in Tubo relictum implentis. Cum
120 1813 1638 1957 ergo post multam inquisitionem de Experimento d
120 1893 1902 2040 quaestionem tam profundam resolvendam apto defperarem
125 1984 1827 2120 ecce occasione Instrumenti inclinationum quod longe
1864 1962 1926 2078 s
120 2050 1720 2202 quaesieram, prope positum inveni. Esto Tubus qualis
120 2133 1704 2272 (instrumenti inclinationim) AB euec
152 2216 1736 2349 In eo italocetur Mercurius ut neutrum extremum
138 2274 2745 2418 neque A. neque B. attingat. Hoc facto Tubus claudatur, quod ope Epistomi; alicujus circumatti
144 2352 2398 2514 Intelligatur primum aer in Tubo esse ordinarius, facile fieri potest
154 2434 1662 2576 seu neque tensus neque compressus modo sciliet Tubus sit
146 2504 1755 2650 Horczontalis. Hoc facto Tubus erigatur si in situm
128 2568 1795 2733 perpendicularem A sursum, 3 deorsum spectante, noteturguamus
128 2650 1867 2789 in quantam altitudinem Mercurius pondere suo descendat
133 2733 1686 2856 ita enim necessario intelligitur quantum comprimat
133 2784 1742 2936 aerem sib se, seu inter se et B et quantum tendat
133 2864 1699 3013 aerem supra se seu inter se et A. Hoc facto Tubus
160 2946 1763 3082 iterum aperiatur ponatur delabi per altitudinem
154 3018 2099 3181 pedis seu  in cc dd. manifestum est aere in C. spatiounus pedis
141 3106 1774 3248 nitio comprehensum, un nunc  implere debere
157 3184 1632 3325 spatium A-ec pedum duorum, ac proinde
181 3261 1632 3389 esse duplo tnsiore dilatatiorem. Contra aerem
125 3325 1611 3450 inferiorem qui in dB. spatio quatuor pedum initio
154 3389 1605 3520 comprehensum, nunc comprehendi tantum spatio d.
1640 3365 1880 3522 velansus
173 3458 1779 3594 pedum trium Est ergus tensio prior ad posteriotem ut. . ad 2
165 3522 1651 3661 compressio or ad posteriorem, ut  3. ad 4 His
149 3581 1702 3730 ita notatis aperiatur Tubus, AB. utrinque et sublata
146 3656 1723 3800 ita omni compressione, ac tensione, aereque in statum
162 3720 1712 3869 ordinarium remisso, Mercurius ponatur in loco cc.dd.
130 3797 1683 3941 (cum antea positus fuerit in loco cd.) Tubus iterum
125 3858 1798 4010 utrinque claudatur erigaturus: Eventus e altitudo descensus
106 3954 1779 4096 futura quaestionem nostram infallibili demonstratione
117 4026 1752 4186 pterminabit. Na si tensio sola compressio violenta
112 4104 1702 4250 e,i tensio vero non nisi per accidens quatemus sequitur
133 4181 1670 4314 compressionem; sequitur eandem fore compressionem nunc
117 4242 1675 4392 quam ante eadem enim est vis premens ac proinde aer
98 4320 1803 4450 in spatio dd LB. trium pedum, redigetur in spatium g pedum
141 4378 1670 4517 quod est ad prius seu compressio, quae est in reciproca
101 4448 1781 4589 spatiorum ratione) erit ut agte  ad priorem sen statum naturo
149 4504 1793 4665 erit quemadmodum eni ante: ut scilicet satus ante compressio
192 4592 634 4665 sut ut 4 ad
2059 2485 3113 2573 v. g. in CD. distantia unius pedis ab
2048 2541 3142 2661 ab A. seu lineate unius pedis, distanea
2264 2602 2545 2669 en linca dB
2059 2618 3035 2752 a B quatuor pedum assumta.
2275 3173 3131 3285 N. huro scopin inquo Embolus na
2262 3237 3145 3333 aer terio moveatir etiusursum mvita
2099 3296 3147 3399 NB3. nova immuttenda. Expericadum in diversis
2190 3360 3126 3442 gradibus. Experiendum in camera claus a
2208 3413 3139 3517 seu vase olauso exiguo. An notubili
2211 3474 3081 3565 dittra altitudinis,  aere libero
2251 3522 3131 3626 Hinc diffra inter taberum e clausum
2286 3589 3131 3688 in aere libero inseratur summoo
2275 3650 3102 3738 Tubo aer diversae magnitudunis
2286 3717 3097 3808 ad explorando, diversitatem
2315 3768 3123 3853 desit rendo aperiat contmue
2376 3829 3153 3920 foramen Mercurius, aut detu
2411 3880 3174 3968 hat vesicur Emboluque vident
2489 3941 3123 4037 seus bartigor descensu ga
2462 4026 3062 4106 hongitudini tatiis tub
2627 3986 2921 4066 nulla. t
2486 4077 3158 4176 posita tensione falsum
2518 4186 2651 4266 rin
2681 4133 3102 4232 sceridere ad id
2275 4218 3110 4362 xinipso alie externo funiculus
2286 4285 2598 4395 ter tensio
1886 4005 2283 4128 vidtenta
2291 4016 2387 4131 est
1762 4418 2905 4536 cante descensum sit ad compressionem post descensus
1776 4466 3177 4618 panteprior ad posterioret, ut 3 ad 4. Quia spatia
2571 4586 3030 4677 unt ut 4 ad 3
