3411 2599
2065 73 2881 155 in loco existens quod non est locus nisi sui ipsius
1773 145 2824 223 Punctum est, in quo quicquid est ipsi puncto
1733 223 2277 308 cengiucest coincidit
2345 233 2823 303 A ∞Y erit Y ∞ A.
1748 294 2418 376 adeoque si Y sit punctum erit Y ∞
1741 1402 1992 1479 ipsa recta eriu
1771 360 2891 446 Si duo sint situm habentia poterit aliquid sumi in uno et
1718 428 2883 509 aliquid in alio, quae congruant. sit _ A ∞ Y et L ∞ Z
1727 480 3035 570 et omne Z sit Y et _ L ∞  datur _ X _ ∞ Z
1751 544 3061 636 et sic ut s_ omne X sit Y; et  omne Z sit
1729 635 1881 711 Sit
1974 603 2573 664 Si nihil aliud saltem erit punctum
1821 671 3035 779 Fregrea esante quotum recineidentives deteri caxtibus
1773 750 2688 846 Similia sunt quae specie eadem sunt
1751 815 3044 909 Recta est quae planum interminatum in duas partes congruentes divida
1738 863 2934 970 eprectu  Sit recta Y, partes plani
1744 919 2878 1020 sint L et N; essiguat L, ita ut pt sumtis ei secta punctis
1745 976 2895 1077 quohunque ut 8, C, d. et puncto in plani parte una E, ajo dari posse
1743 1016 3210 1124 in altere plani parte aliud punctum respondens F, ita ut sit E. B. C. d _ ∞ F. B. C. d
1758 1081 2517 1175 se dato E. Y. datur F sic ut sit F. Y ∞ E Y
1808 1110 2892 1228 Per duo quaevis pu pa itaque in plano extra
1761 1155 2937 1277 rectam non datur punctum, quod sit sui ad puncta in recta assumsa
1766 1195 2891 1324 situs unicum. Dabitur Erit enim in alterutra plani secti parte itaque
1763 1243 2895 1370 in altera dabitur aliud eodem modo se ad rectam habens. itaque si quod
1741 1287 2907 1429 datur punctum sui situs unicum ad puncta in recta smta, id in illa
1756 1371 2902 1513 1 Sed in ipsa recta omne punctum est sui ad puncta in recta sumta
1743 1432 2870 1563 situs unicum. Nam puncta quaeunque in plano sumta E et F eodem modo ad
1747 1485 2902 1609 rectam se habentia, sibi accedere possunt satua eadem habitudias donec concurrant
1753 1544 2951 1651 quod fiet in recta, et nullum punctum in recta intelligi potest quod non ita intelligiu
1751 1612 2457 1703 possit ex ductum aeque se habentium concursu nasci
2508 1589 2954 1656 Mallem eamn hanc propositionem
1764 1669 2047 1741 demonstrare perfectius
1812 1663 2977 1780 portasse melia.rit talis notio rectae ut fiat motu puncti, semper aliter
1753 1718 2860 1814 atque aliter, sed simili modo se habentis ad punctum aliquod quiescens.
1764 1761 2855 1852 d Hinc sequitu punctum isse silus sui unicum ad puncta in recta data
1770 1800 2905 1897 sint enim plura GH eodm modo se habentia ad A et Y. itaque pobile discedcus ab A
1747 1840 2870 1942 non potest prius pervenre ad G et H, nec simul ad ambo, Ergo ad acterum solum
1747 1859 3130 1981 itaque motus quo pervenire pt ad G cum eo quo ad _ H in recta, nihil habea potest coc, praeter punctum A
1747 1910 2937 2025 aliva semper maneret c: ob similitudinem progressus. Ergo  revera sunt duae rectae
1747 1949 2966 2070 comnorendes in A. Melius quia ad A et Y se eodem modo Et G et H, ergo mobile punctu
1743 1976 3129 2106 id erp. mubi ab Y egredicus duatium facit, et ita non ita movetur ut ab A usque ad Y contra Hypoth.
1806 2077 2421 2154 An sit, veceundo ad priorem notionem.
2496 2050 2899 2125 in pluno sumt puncto
1741 2103 3096 2217 quaeramus locua omnim punctorum eodem modo se habentiam ad punctum propositum
1738 2158 3067 2277 seu circumferentiam circuli seu ponamus punctum in plano moveri, ita ut semper
1737 2246 2372 2318 eodem modo s habent ad punctum datum
2463 2209 3097 2304 aaliquod in plano existens
1745 2256 3322 2344 aliquo pumcto inmoto moden. Preteica quaerunque loiuus puctorum quae sint sui ad duo fucta in plums dunta
3171 2307 3308 2341 sicgucnla
251 2437 843 2486 COTTFRED VILMEII LEIBNIZ BIBLIOTHIEK
2768 2447 3213 2493 Signatur. LH 36, 1, 14, 1207I.1047
248 2492 846 2534 MIEDERSACHISISCHE LANDESBIBLIOTHEK
2940 50 2996 83 ud
2953 80 3305 137 puncta ora congiuunt
2943 108 3383 180 quicqus id situm habit, locus
2960 157 3226 218 est punctorum
2948 197 3390 264 omniae puncta sunt in eodem
2958 244 3039 297 loco
3074 350 3390 408 de maximo congru–
3119 397 3386 446 eale duorum tocoru
3125 438 3380 492 Omnia quae in loco
3129 475 3364 529 sunt se possunt
3146 512 3275 567 tangere
3179 2142 3230 2187 es
