2469 2800
186 171 692 264 les vitres rou
729 143 2230 273 des Eglises parvissent d'un beaurouge dans
210 231 2230 359 Eglise, et ne le paroissent pas tant a ceuxqui les regardent
524 311 2260 424 de hors en B. Douc voicy la rarison. le rayon cD. passant
528 398 773 476 combane
1585 382 1918 496 fait ref
1961 393 2174 483 LM
611 486 752 555 su
665 455 2192 633 fait il en reflechit un ragon foible Df. C
598 552 2335 712 qui ne prend point de couleur, se principal du rayon
1155 630 1796 717 et en prend la couleur
584 633 2227 808 DE penetre le verre, et reacontrant s surface
528 707 2336 880 interieure NM, une prtie assez soible, mais coloree est
532 885 835 973 refechic
889 780 2378 947 et fait le rayon EB. mais la plus considerable
1547 874 2335 990 EA. Cest pour quom on
542 933 1537 1062 passe et fait le rayon E
546 1104 580 1165 t
541 1046 2269 1214 rouge du verre par le moyen au rayon EA, et
516 1116 2363 1289 ceux qui sont hors de l'Eglise par le moyen du rayon
544 1260 1439 1367 EB, on voit bien pourquoq
1477 1196 2272 1326 le rouge paroist plus
518 1306 2050 1452 foible, quand il est regarde hors de l'Eglise.
314 1356 2319 1549 Les rubis les emeraudes et les autres pierres pretienses colorées
357 1432 2328 1636 font paroisire la couteur sren plus fortement par reflexion
351 1505 2342 1725 que les verres parce que la proportion de la refraction est
357 1591 2069 1816 plus grande dans ces pierres que dans le verve
337 1648 2361 1880 on suppose que cette proportion vit comme de5 a 3 dans le labis
308 1728 2353 1936 ord tolera par lecalent qui le rayon le pluroberquequi pouim
216 1771 2363 2012 passer du dedans. l'un rubis dans l'air fera un angle d'incidence de 36d. 53a
1549 1904 2276 2026 on peut dor viller m
189 1835 2383 2075 et que si cet angle est de 36 d. 54 m. le rayon se reflecriba entierement comme il fart
180 1981 1505 2152 dans le verre quam ec angle est de 41 d. 44m.
217 2156 359 2226 rubis
373 1938 2313 2207 dune maniere que la pluspart de res rayens qui q entreront se reflechiront
174 2025 2313 2277 entrerement sur les econdes surfaces et prendre une vivacite de conteuspar le
213 2101 2372 2345 vuble passage qu'ils feront a travers la maliere colorée ce qui varrivera pas
175 2291 197 2367 s
169 2154 2251 2404 a un verre colore pille de même parce que sa refraction estant mois forte, il
127 2204 2363 2468 Epissora passer bieu plus de rayons. c'est par vebte raison qu'on met des feuilles
130 2289 2327 2538 d'argent, brum teintes d'un beaurouge au dessous des rubis afin de faire
136 2364 2328 2620 repasser par les yeux le reste de la lumiere qui les a traversesr
275 2563 339 2635 t
2175 2534 2262 2628 13
