4904 4403
978 181 1098 271 vel
115 225 1216 359 Omnis magnitudo a nobis exprimetur litera
66 295 2381 452 idam, ut a. b. aliore. sumbolo. imsiliai qualicunque, vel formula ex literis composita, quecs moxexpulicabimus
533 384 572 423 s
68 379 1169 511 plures adhibeantur magnitudines de quas aequales
48 428 1348 587 esse non constat, unicuique peculiaris litera attribuenda erit
46 501 1196 655 quae tamen observandum est ut magnitudines sint
56 565 1167 721 ejusdem generis Additionem magnitudinum a et b
36 660 582 796 ita exprimitur a+b.
45 697 1128 876 In omni calculo, sive de numeris sive de lineis,
665 880 827 958 ea
48 946 1181 1112 Quaecunque magnitudinem habent etiam partibus
56 1022 1267 1191 constant, quae si t aquales inter se, magnitude
75 1110 1235 1245 tetius solo partium  numero determinatur
60 1174 1239 1328 nem partis quiles non habeantur, quoe totum
66 1240 1076 1383 et una quaeque pars totum metiri dicetur
72 1293 922 1460 Sed etsi partium inter se aequalium
2506 97 3841 232 autcum id quod quaeritur non tam est quidam
2527 185 3712 335 Valor quidam, quam modus calculandi. Ut
2474 276 3986 435 si quaeras quantitatem quae eodem modo prodatur.
2498 364 3665 521 componatur sire producatur ex his duabus
2525 452 3621 606 a. b. quo ex his duabus sequentibus
2520 533 3641 711 sib rata √ab et 2ab quo posito ut
3127 606 3313 704 a+ sab
2611 662 2809 768 ati
2510 672 3609 843 ab aliis ostensum est haberetur quadratura
2513 744 3795 931 Circuli tunc enim non quaeritur incognita quaedam
2515 812 4784 1005 quantitas sed potius formula quaedam sire modus quae id praestet, quales forte multae esse queant
2518 892 3753 1083 calculandi. Quae posito Quod siformulam hujusmodi
2532 985 3717 1159 possemus ropire haberetur quadratura circuli
2525 1064 3609 1225 Sed si essent duae priores a. b. duae
3200 1139 3685 1262 et ab haberi
2904 1176 3166 1293 + √ab
2505 1205 2838 1320 posteriores:
3310 1218 3504 1306 a + √ab
3012 1249 3107 1333 modo
2505 1276 3643 1435 posset formula eodem producta ex duabus
2498 1345 3692 1506 prioribus, quo ex duabus posterioribus, quod alias
2486 1418 3724 1585 sed id non est hujus loci. Tantum ut intelligatu
2508 1487 3692 1656 quaestio, alio utar exemplo faciliori, sitis
3095 1577 3697 1690 duae posteriores:
2505 1602 3083 1736 luae priores a. b
2486 1643 3797 1832 2ab, formula quaesita esset ab.
2508 1775 2948 1885 arta
4593 1854 4654 1929 a+b
2530 1768 3736 1964 quae eodem modo producitur ex  a. et b quo
2868 1903 2894 1974 n
2970 1797 4811 1978 2a ab+  mimirum unum unum in alterum ducendo, nempe a in b, vel 24 i. ab+b
2474 1910 2721 2040 dex ipsis
2772 1917 3088 2032 atab
2471 1895 4705 2135 A in alterum ducendo: sed cum ignoratur quae sit sed in  difficilioribus, ubi ignoratur quae sit
2470 2015 3861 2208 quaesita formula, ignoratur et calculandi peri modus.
2527 2086 3915 2265 idem dicendum est de Problematibus Diophanteis
2505 2194 3616 2370 Arithmeticis qualia proposuit Diophantus
2466 2260 3700 2431 nam in illis invenire solutiones optimas aut
2468 2328 3800 2513 quando id non potest demonstrare impossibilitatem
2491 2399 3724 2580 nondum potuit quc quam, quanquam Analysis
2473 2480 3665 2644 cognita. Est tamen res illa tota jam nunc
3058 2526 3947 2666 denique ausim dicere nullum vix ullum
2477 2612 3220 2724 in potestate; mathematicu n
2479 2634 3849 2798 occurrere problema difficilius in Mechanica, caeterisque
2483 2688 4182 2883 artibus vitae utilibus, cum qua recepta analysis plane sufficiat
2486 2762 4527 2952 transigere possit, aut ed haec in progressu quod nostra non habeat
2489 2832 4448 3042 melius patebunt. Quid autem nostra possit valeat in potestate.
2496 2972 3313 3128 in progressu melius patebit.
354 4175 1218 4239 COTTFRIED NILHIEIM LEIBNIIZ BIBLIOTHIEX
4275 4173 4815 4258 Sionalus. 1+1 36. 1. 21. 161. 30 s
332 4248 1223 4312 NIEDERSACHISISCHE LANDESBIBLIOTNIEK
