4995 4303
2828 209 4387 358 Punctum est quod situm habet non magnitudinem
4550 229 4595 311 si
2816 372 3043 456 Linea est
2599 525 3787 662 1 Punctum est quod situm habet non magni-
2575 640 2809 731 tudinem
3058 611 3101 705 A
2548 688 3703 824 (2) Linea est via puncti, A vit _ iptus A
2541 781 3667 906 sit ipsimms M via Y, ita ut quivis locus puncti, sit
2540 846 3725 968 sec et qum primus  ipsius M pcus sit A, et
2560 906 3799 1039 ultimus sit B, erunt A et B lineet extrema puncta
2553 992 3294 1113 eprcitens estepactatu
2558 1051 3600 1171 (4 Recta est linea ubique sibi similis
2651 1113 3739 1243 ponamas lineam ita moveri ut similiter
3137 1185 3263 1252 puncto
2560 1185 3734 1329 semper se habeat ad Mobile M venit se
3084 1319 3773 1419 ad locum C, erit AB ~ AC
3108 1257 3777 1353 a loco A ad locum B, et inde
2608 1326 2972 1417 A M B M C
2565 1393 3785 1549 (5) a puncto ad punctum, non nisi una recta
2589 1506 2895 1618 duci potest
2802 1575 2936 1644 puncta
3077 1515 3117 1618 A
3149 1534 3278 1623 Fa
2544 1587 3806 1704 Ponamus duo Mobilia M et N egredi ex A, amboque in recta
2535 1649 3763 1773 moveri, rursusque  congredi in puncta B, mo
2534 1711 4196 1848 ponamus etiam ambo moveri motu uniformi, sed in ea velocitatum
2533 1795 3409 1918 ec ratione quae rectae AMA AM B,
3416 1780 3763 1888 ad rectam ANB
2534 1845 3758 1981 cum ergo ponamus, Et primum quidem nno existente
2534 1910 3859 2041 in d alterum sit in E, et rurjus priore existente in F alterum
2534 1969 3739 2122 esseri G. erit dAE simile ipsi FAG, cum et
2558 2041 3754 2182 nam AE sim. AG, et Ad sim. AF, et motus quoque utrobius
2539 2101 3732 2251 est uniforuis, itaque omnia quae determinant DAE
2556 2182 3811 2311 similia sunt his quae determinant FAG. itaque psqedan
2556 2213 4406 2392 sunt similia. Ergo _ cum non coincidant, D et E loca toutemperanea ex
2541 2299 3768 2450 ex hypothesi, nec poterunt coincidere F et G, in uno
2560 2400 2919 2519 puncto ut B.
2568 2414 3665 2569 (5) in recta pars est similis toti
2584 2512 3581 2643 Este rectae AB pars cd, sit dico
2596 2612 3146 2739 Axo Acd A
2560 2708 3577 2844 (6) pars rectae est recta, que quia
2558 2768 3727 2914 nam nisi pars ubique similis esset, nec tolum
2546 2863 3070 2981 sibi ubique simile esset
2572 2890 3699 3059 (7) pars reclae est similis toti alioqui non
2618 2983 3201 3126 foret ubique sibi similis
2544 3047 3789 3203 (8) Recta rectae similis est, nam traones applicentim
2553 3119 3868 3265 una uno sint duae rectae A. et B AB et LM
2536 3189 3754 3339 hans applicetur una ad alteram, ut L cadat
2524 3270 3699 3401 in A, et M cadat in C punctum rectae AC.
2524 3341 3794 3485 cum ergo ab AC ad _A ad C non nisi una
2539 3413 3837 3559 recta duci possit, ideo coincident rectae AC et LM
2524 3497 3742 3650 sed AC est similis ipsi BC pas toti, ergo et
2548 3593 3232 3707 LM est similis ipsi BC
2575 3640 3844 3789 (9) Recta in infinitum padacit produm
2582 3734 3953 3893 potest, ita ut non hredeat in se ipsamm
351 4073 1245 4135 OOTTFRED NILHEIM LEIBNIIZ BIBLIOTHIEK
4327 4073 4868 4150 Sisnatu. 2tI 36. 1. 1. 1471. 1241 c
349 4145 1252 4207 NIEDERSACNSISCHE LANDESBIBLIOTHEK
