<?xml version="1.0" encoding="UTF-8"  standalone="yes"?>
<PcGts xmlns="http://schema.primaresearch.org/PAGE/gts/pagecontent/2019-07-15" xmlns:xsi="http://www.w3.org/2001/XMLSchema-instance" xsi:schemaLocation="http://schema.primaresearch.org/PAGE/gts/pagecontent/2019-07-15 http://schema.primaresearch.org/PAGE/gts/pagecontent/2019-07-15/pagecontent.xsd">
  <Metadata>
	<Creator>escriptorium</Creator>
	<Created>2026-01-14T16:10:12.576253+00:00</Created>
        <LastChange>2026-01-14T16:10:12.576281+00:00</LastChange>

  </Metadata>
  <Page imageFilename="LH_35_12_1_0057v.jpg" imageWidth="2735" imageHeight="4451">

    
    <TextRegion id="r4"  custom="structure {type:MainZone;}">
      <Coords points="1705,908 1866,988 2298,1007 2387,1047 2368,1509 2397,1697 2368,1856 2397,2578 2298,2855 2042,2909 1656,2937 1185,2963 1045,3052 737,3089 587,3093 592,3042 613,2332 594,2245 595,1779 641,1687 641,1532 602,1502 671,1321 693,1052 745,903 1140,892"/>
      
      
      <TextLine id="eSc_line_6756ffa1" custom="structure {type:default;}">
        <Coords points="1065,919 1041,922 1016,924 991,927 966,929 942,929 917,932 892,959 867,959 843,959 818,959 793,959 769,969 744,961 723,965 711,1001 1097,1001 1097,959 1090,917 1090,919"/>
        <Baseline points="721,972 1097,959"/>
        <TextEquiv conf="0.895513481563992">
          <Unicode>Odenterho</Unicode>
        </TextEquiv>
      </TextLine>

      
      
      <TextLine id="eSc_line_3dcf897c" custom="structure {type:default;}">
        <Coords points="1194,909 1169,912 1174,952 1179,991 1248,971 1246,944 1241,914 1219,909"/>
        <Baseline points="1174,952 1246,944"/>
        <TextEquiv conf="0.9937439858913422">
          <Unicode>sE</Unicode>
        </TextEquiv>
      </TextLine>

      
      
      <TextLine id="eSc_line_39d12445" custom="structure {type:default;}">
        <Coords points="1050,979 1023,981 1011,1011 986,1011 961,1013 937,1013 912,1013 887,1011 863,1023 838,1021 813,1026 788,1026 764,1026 739,1008 741,1033 744,1075 850,1058 897,1060 994,1065 996,1065 999,1065 1068,1038 1068,1011 1063,989 1060,989"/>
        <Baseline points="741,1033 1068,1011"/>
        <TextEquiv conf="0.8877136078145769">
          <Unicode>steenmitu</Unicode>
        </TextEquiv>
      </TextLine>

      
      
      <TextLine id="eSc_line_0ab1ae02" custom="structure {type:default;}">
        <Coords points="1740,929 1735,929 1726,932 1696,929 1691,929 1666,932 1641,932 1624,932 1617,937 1585,932 1567,932 1543,934 1533,934 1530,937 1518,952 1468,952 1392,947 1283,937 1280,937 1278,937 1233,954 1224,996 1199,984 1174,976 1149,979 1152,1006 1152,1031 1189,1048 1191,1048 1194,1048 1196,1048 1258,1031 1280,1023 1384,1023 1402,1031 1429,1043 1431,1043 1434,1043 1436,1043 1439,1043 1439,1041 1451,1031 1456,1026 1496,1031 1562,1038 1565,1038 1567,1038 1570,1038 1582,1031 1607,1016 1674,1016 1688,1031 1691,1033 1693,1033 1696,1033 1698,1033 1792,1028 1792,981 1788,949 1747,929"/>
        <Baseline points="1152,1006 1792,981"/>
        <TextEquiv conf="0.9967137002944946">
          <Unicode>Htometria per Effectiones</Unicode>
        </TextEquiv>
      </TextLine>

      
      
      <TextLine id="eSc_line_ec1f7c63" custom="structure {type:default;}">
        <Coords points="2294,1043 2270,1041 2245,1041 2220,1038 2195,1038 2171,1036 2146,1036 2121,1033 2096,1033 2072,1031 2047,1031 2022,1028 1998,1028 1973,1026 1948,1026 1923,1023 1899,1023 1852,1038 1815,1023 1812,1023 1810,1023 1807,1023 1805,1023 1805,1026 1787,1041 1656,1028 1654,1028 1651,1028 1592,1045 1557,1031 1555,1031 1552,1031 1392,1053 1379,1055 1325,1055 1322,1055 1303,1038 1300,1038 1298,1038 1295,1038 1191,1058 1184,1060 999,1063 986,1055 984,1058 959,1058 944,1058 939,1065 939,1068 786,1068 788,1112 788,1142 2356,1095 2356,1065 2334,1043 2319,1043"/>
        <Baseline points="788,1112 1523,1078 2356,1065"/>
        <TextEquiv conf="0.9870222336970843">
          <Unicode>Si extensum puncto immoto manente moveatur  utcunque</Unicode>
        </TextEquiv>
      </TextLine>

      
      
      <TextLine id="eSc_line_6a0517f3" custom="structure {type:default;}">
        <Coords points="714,1236 803,1224 994,1226 1011,1226 1013,1226 1016,1226 1018,1226 1050,1211 1078,1224 1080,1224 1083,1224 1085,1224 1088,1224 1093,1224 1152,1201 1268,1211 1271,1211 1273,1211 1327,1196 1382,1209 1394,1211 1397,1211 1399,1211 1412,1209 1478,1189 1560,1201 1582,1204 1585,1204 1587,1204 1599,1199 1649,1179 1750,1179 1785,1191 1795,1194 1797,1194 1800,1194 1802,1194 1805,1194 1810,1189 1834,1174 1901,1186 1923,1189 1926,1189 1951,1184 2022,1167 2359,1167 2361,1132 2356,1075 2329,1070 2326,1070 2324,1070 2302,1080 2260,1097 2198,1085 2193,1085 2190,1085 2188,1085 2186,1085 2139,1102 1968,1097 1958,1097 1956,1097 1953,1097 1951,1097 1889,1112 1805,1105 1745,1100 1743,1100 1740,1100 1723,1110 1703,1120 1679,1112 1641,1100 1639,1100 1637,1100 1409,1107 1407,1107 1404,1107 1404,1110 1389,1122 1355,1112 1352,1112 1350,1112 1347,1112 1345,1112 1325,1130 1318,1135 1300,1130 1241,1115 1238,1115 1236,1115 1152,1117 1149,1117 1147,1117 1110,1139 1105,1142 1078,1142 939,1137 937,1137 863,1152 838,1139 835,1139 833,1139 830,1139 828,1139 806,1157 712,1159 714,1199"/>
        <Baseline points="714,1199 1488,1157 2361,1132"/>
        <TextEquiv conf="0.9805682993987027">
          <Unicode>puncto aliquo suo lineam describet, quameunque quae si selida realis</Unicode>
        </TextEquiv>
      </TextLine>

      
      
      <TextLine id="eSc_line_81b33f35" custom="structure {type:default;}">
        <Coords points="712,1298 2361,1226 2361,1191 2356,1144 2208,1144 2205,1144 2166,1152 2121,1162 2079,1157 2017,1149 2015,1149 1946,1164 1906,1172 1889,1167 1859,1157 1857,1157 1854,1157 1852,1157 1812,1169 1795,1177 1787,1172 1773,1162 1770,1162 1768,1162 1765,1162 1634,1167 1632,1167 1629,1167 1629,1169 1614,1179 1609,1186 1552,1186 1538,1184 1493,1174 1491,1174 1488,1174 1434,1189 1412,1194 1387,1191 1308,1181 1305,1181 1303,1181 1253,1199 1241,1201 1221,1199 1142,1189 1139,1189 1137,1189 1088,1206 1085,1206 1058,1194 1055,1194 1053,1194 1050,1194 989,1211 976,1216 845,1219 840,1219 806,1206 803,1206 801,1206 707,1224 712,1268"/>
        <Baseline points="712,1268 1454,1224 2361,1191"/>
        <TextEquiv conf="0.9780281682809194">
          <Unicode>receles et ipsa modeatur _ cum extenso, describet saperficiem sphaericam</Unicode>
        </TextEquiv>
      </TextLine>

      
      
      <TextLine id="eSc_line_57aecb10" custom="structure {type:default;}">
        <Coords points="689,1364 1036,1364 1038,1364 1041,1364 1065,1350 1102,1357 1105,1357 1209,1340 1248,1335 1268,1337 1332,1350 1335,1350 1337,1350 1377,1332 1387,1327 1402,1330 1454,1342 1456,1342 1632,1335 1634,1335 1637,1335 1656,1317 1661,1315 1679,1315 1768,1322 1770,1322 1862,1305 1884,1303 1891,1305 1921,1315 1923,1315 1926,1315 2052,1295 2079,1293 2089,1295 2141,1308 2143,1308 2146,1308 2148,1308 2151,1308 2176,1290 2181,1285 2326,1280 2326,1253 2322,1219 1723,1233 1721,1233 1693,1243 1669,1251 1582,1248 1525,1246 1523,1246 1520,1246 1498,1251 1458,1261 1412,1256 1377,1251 1374,1251 1372,1251 1355,1256 1322,1268 1256,1261 1246,1261 1243,1261 1214,1263 1006,1283 959,1273 954,1273 952,1273 949,1273 947,1273 924,1288 872,1280 870,1280 867,1280 820,1293 684,1285 689,1335"/>
        <Baseline points="689,1335 2326,1253"/>
        <TextEquiv conf="0.9886353915197807">
          <Unicode>aut ejus partem Et quidem  pro arbitrio continuari potent</Unicode>
        </TextEquiv>
      </TextLine>

      
      
      <TextLine id="eSc_line_d50b49dc" custom="structure {type:default;}">
        <Coords points="694,1434 900,1436 902,1436 964,1421 1011,1411 1036,1419 1050,1424 1053,1424 1055,1424 1058,1424 1085,1416 1120,1409 1164,1414 1224,1419 1226,1419 1229,1419 1271,1409 1327,1394 1342,1404 1347,1409 1350,1409 1352,1409 1355,1409 1357,1409 1360,1409 1360,1407 1362,1407 1365,1404 1374,1389 1520,1389 1535,1397 1548,1402 1550,1402 1552,1402 1555,1402 1572,1394 1604,1379 1659,1389 1684,1394 1686,1394 1688,1394 1706,1389 1755,1372 1790,1384 1800,1387 1802,1387 1805,1387 1807,1387 1817,1382 1844,1372 1963,1377 2000,1377 2003,1377 2005,1377 2010,1374 2047,1355 2082,1372 2087,1372 2089,1372 2092,1372 2094,1372 2104,1369 2186,1347 2351,1357 2354,1313 2346,1263 2178,1271 2176,1271 2166,1273 2106,1290 2057,1280 2045,1278 2042,1278 2005,1283 1862,1305 1735,1300 1686,1298 1684,1298 1681,1298 1664,1303 1627,1317 1478,1315 1416,1315 1414,1315 1412,1315 1409,1315 1409,1317 1404,1320 1394,1332 1278,1337 1256,1330 1238,1322 1236,1322 1233,1322 1154,1327 1152,1327 1149,1327 1149,1330 1142,1335 1132,1345 1028,1342 964,1342 961,1342 959,1342 957,1342 957,1345 954,1345 952,1347 947,1355 882,1352 828,1350 825,1350 823,1350 798,1357 774,1364 761,1360 741,1350 739,1350 736,1350 734,1350 689,1362 694,1397"/>
        <Baseline points="694,1397 1184,1382 2354,1313"/>
        <TextEquiv conf="0.9910266833790278">
          <Unicode>ut revolut motu suo continuato totam superficiem sphaericam</Unicode>
        </TextEquiv>
      </TextLine>

      
      
      <TextLine id="eSc_line_85674040" custom="structure {type:default;}">
        <Coords points="680,1505 825,1496 845,1498 880,1505 882,1505 885,1505 914,1496 952,1481 984,1491 1013,1498 1016,1498 1018,1498 1112,1481 1179,1471 1191,1478 1214,1488 1216,1488 1219,1488 1300,1471 1335,1463 1365,1466 1444,1476 1446,1476 1449,1476 1483,1458 1498,1451 1508,1458 1525,1471 1528,1471 1530,1471 1533,1471 1535,1471 1602,1451 1607,1451 1617,1451 1758,1458 1760,1458 1763,1458 1812,1439 1820,1436 1857,1436 2027,1436 2030,1436 2032,1436 2072,1421 2079,1419 2084,1421 2101,1429 2104,1429 2106,1429 2109,1429 2111,1429 2121,1419 2124,1416 2126,1419 2141,1426 2143,1426 2146,1426 2299,1407 2299,1387 2289,1330 2257,1342 2181,1337 2178,1337 2176,1337 2173,1337 2151,1355 2131,1340 2129,1340 2126,1340 2124,1340 2121,1340 2089,1357 2072,1342 2069,1342 2067,1342 2064,1342 2062,1342 2057,1345 1998,1362 1958,1350 1956,1350 1953,1350 1951,1350 1948,1350 1926,1367 1857,1355 1842,1355 1839,1355 1837,1355 1834,1355 1832,1357 1812,1374 1748,1377 1716,1364 1708,1362 1706,1362 1703,1362 1701,1362 1698,1362 1698,1364 1696,1364 1681,1382 1614,1384 1550,1374 1528,1372 1525,1372 1523,1372 1501,1377 1431,1394 1318,1389 1266,1387 1263,1387 1261,1387 1258,1387 1253,1392 1243,1399 1204,1397 1182,1394 1179,1394 1177,1394 1174,1394 1174,1397 1172,1397 1162,1409 1137,1399 1122,1394 1120,1394 1117,1394 1115,1394 1097,1402 1073,1414 1050,1404 1041,1402 1038,1402 1036,1402 1033,1402 1018,1407 981,1419 863,1416 761,1414 759,1414 675,1426 680,1476"/>
        <Baseline points="680,1476 2299,1387"/>
        <TextEquiv conf="0.9960653837080355">
          <Unicode>absolvat. Habemus ergo originem superficiei sphaericae</Unicode>
        </TextEquiv>
      </TextLine>

      
      
      <TextLine id="eSc_line_924ff448" custom="structure {type:default;}">
        <Coords points="2228,1404 2198,1394 2195,1394 2193,1394 2190,1394 2188,1394 2146,1411 1936,1414 1886,1416 1869,1419 1770,1444 1570,1453 1530,1446 1508,1441 1505,1441 1503,1441 1483,1449 1456,1461 1431,1453 1407,1446 1404,1446 1402,1446 1399,1446 1397,1446 1397,1449 1387,1456 1379,1463 1342,1461 1276,1453 1273,1453 1271,1453 1243,1468 1231,1476 1221,1468 1204,1458 1201,1458 1199,1458 1196,1458 1194,1458 1144,1476 1117,1483 1088,1478 1028,1471 1026,1471 1023,1471 1021,1471 1001,1486 999,1488 994,1486 979,1473 976,1473 974,1473 971,1473 929,1476 927,1476 867,1496 853,1500 840,1498 781,1486 778,1486 776,1486 774,1486 739,1505 734,1510 670,1510 675,1552 677,1597 766,1570 989,1557 1075,1567 1095,1570 1097,1570 1130,1565 1248,1540 1305,1552 1325,1555 1327,1555 1441,1547 1444,1547 1468,1540 1518,1523 1607,1530 1666,1533 1669,1533 1671,1533 1713,1520 1765,1508 1911,1508 2092,1508 2092,1505 2279,1478 2279,1449 2267,1389 2262,1389"/>
        <Baseline points="675,1552 2279,1449"/>
        <TextEquiv conf="0.9819264744336789">
          <Unicode>nullam nil assumendo nisi punctum immotum in extenso</Unicode>
        </TextEquiv>
      </TextLine>

      
      
      <TextLine id="eSc_line_ca8545d3" custom="structure {type:default;}">
        <Coords points="662,1659 704,1664 707,1664 709,1664 712,1664 722,1656 744,1641 766,1654 774,1659 776,1659 778,1659 890,1654 892,1654 919,1646 1026,1619 1078,1639 1080,1639 1083,1639 1085,1639 1088,1639 1147,1617 1231,1632 1251,1634 1253,1634 1256,1634 1258,1634 1258,1632 1261,1629 1285,1604 1387,1599 1491,1619 1503,1619 1505,1619 1508,1619 1513,1617 1570,1589 1644,1604 1646,1604 1649,1604 1679,1589 1696,1604 1696,1607 1698,1607 1701,1607 1703,1607 1706,1607 1758,1580 1844,1580 1879,1597 1881,1597 1884,1597 1886,1597 1928,1577 1968,1594 1970,1594 1973,1594 1975,1594 2067,1589 2069,1589 2072,1589 2101,1562 2158,1557 2289,1577 2292,1525 2282,1476 2235,1491 2166,1483 2163,1483 2161,1483 2158,1483 2156,1483 2156,1486 2141,1498 2035,1491 2015,1491 2012,1491 2010,1491 2003,1493 1965,1508 1899,1500 1879,1498 1876,1498 1874,1498 1864,1500 1832,1515 1708,1510 1651,1510 1649,1510 1590,1520 1501,1533 1382,1533 1293,1533 1290,1533 1288,1533 1285,1533 1285,1535 1283,1535 1280,1540 1276,1545 1241,1543 1201,1538 1199,1538 1196,1538 1194,1538 1186,1545 1179,1550 1162,1547 1132,1540 1130,1540 1127,1540 1085,1552 1060,1557 1036,1555 986,1547 984,1547 870,1565 835,1570 825,1567 796,1557 793,1557 791,1557 660,1577 662,1614"/>
        <Baseline points="662,1614 2292,1525"/>
        <TextEquiv conf="0.9804109163203482">
          <Unicode>mobili quaterbes qualicunque. Estque locus omnium punctorum</Unicode>
        </TextEquiv>
      </TextLine>

      
      
      <TextLine id="eSc_line_1ed8e1f0" custom="structure {type:default;}">
        <Coords points="670,1718 704,1730 707,1730 709,1730 813,1711 828,1708 840,1708 937,1716 939,1716 942,1716 1008,1698 1021,1696 1031,1696 1093,1706 1095,1706 1246,1696 1248,1696 1283,1681 1290,1679 1305,1681 1362,1688 1365,1688 1367,1688 1409,1674 1419,1671 1429,1671 1476,1681 1478,1681 1481,1681 1515,1666 1523,1664 1530,1666 1550,1676 1552,1676 1555,1676 1916,1641 1916,1607 1911,1572 1760,1567 1758,1567 1755,1567 1721,1585 1708,1592 1701,1587 1686,1575 1684,1575 1681,1575 1679,1575 1676,1575 1674,1575 1674,1577 1671,1577 1664,1589 1656,1597 1592,1599 1582,1594 1560,1580 1557,1580 1555,1580 1552,1580 1550,1580 1548,1580 1520,1599 1513,1604 1505,1599 1481,1589 1478,1589 1476,1589 1473,1589 1419,1607 1397,1612 1374,1609 1285,1597 1283,1597 1280,1597 1278,1597 1241,1619 1236,1622 1229,1619 1172,1604 1169,1604 1167,1604 1164,1604 1162,1604 1162,1607 1139,1627 1105,1612 1102,1612 1100,1612 1097,1612 1095,1612 1095,1614 1078,1632 1075,1634 1008,1636 1003,1636 954,1619 952,1619 949,1619 947,1619 944,1619 944,1622 922,1641 922,1644 820,1649 818,1649 749,1632 746,1632 744,1632 741,1632 667,1656 670,1691"/>
        <Baseline points="670,1691 1436,1649 1916,1607"/>
        <TextEquiv conf="0.9791128375591376">
          <Unicode>eodem modo se habentium ad punctum idem</Unicode>
        </TextEquiv>
      </TextLine>

      
      
      <TextLine id="eSc_line_e04df247" custom="structure {type:default;}">
        <Coords points="2240,1597 2237,1597 2166,1612 2156,1614 2153,1614 2131,1599 2129,1599 2126,1599 2124,1599 2121,1599 2079,1617 1968,1612 1965,1612 1963,1612 1906,1629 1899,1632 1894,1632 1847,1622 1844,1622 1842,1622 1810,1636 1800,1641 1790,1639 1760,1629 1758,1629 1755,1629 1753,1629 1723,1644 1708,1649 1641,1649 1523,1646 1520,1646 1431,1664 1357,1676 1332,1669 1315,1664 1313,1664 1310,1664 1251,1676 1172,1691 1135,1683 1112,1679 1110,1679 1107,1679 1105,1679 1095,1686 1085,1691 1036,1691 981,1688 979,1688 976,1688 974,1688 966,1693 944,1711 746,1711 751,1758 751,1790 917,1775 944,1782 961,1787 964,1787 966,1787 1011,1777 1080,1763 1100,1772 1152,1800 1154,1800 1157,1800 1305,1768 1355,1792 1357,1792 1360,1792 1614,1765 1619,1758 1641,1755 1666,1753 1691,1750 1716,1748 1726,1748 1755,1733 1817,1703 1869,1703 1911,1725 1923,1730 1938,1730 1960,1728 1970,1721 2007,1696 2067,1703 2069,1703 2215,1679 2242,1691 2245,1691 2247,1691 2250,1691 2252,1691 2282,1669 2344,1698 2354,1703 2356,1703 2359,1703 2361,1703 2381,1696 2378,1644 2376,1617 2364,1597"/>
        <Baseline points="751,1758 1263,1730 2203,1649 2378,1644"/>
        <TextEquiv conf="0.9224858088571517">
          <Unicode>si duae superficietbhaeri e s fecent, erit sectio bcus omnium</Unicode>
        </TextEquiv>
      </TextLine>

      
      
      <TextLine id="eSc_line_b3a267ab" custom="structure {type:default;}">
        <Coords points="1627,1795 1656,1775 1740,1782 1775,1785 1777,1785 1780,1785 1802,1775 1844,1760 1891,1768 1931,1772 1933,1772 2025,1765 2027,1765 2057,1750 2067,1745 2074,1748 2096,1758 2099,1758 2101,1758 2215,1750 2218,1750 2220,1750 2247,1730 2252,1725 2307,1723 2307,1706 2299,1659 2084,1688 2007,1686 1931,1686 1928,1686 1926,1686 1864,1701 1834,1708 1822,1706 1782,1698 1780,1698 1777,1698 1745,1713 1738,1718 1617,1725 1622,1760"/>
        <Baseline points="1622,1760 2307,1706"/>
        <TextEquiv conf="0.9990799064221589">
          <Unicode>ud duo puncta quae sunt</Unicode>
        </TextEquiv>
      </TextLine>

      
      
      <TextLine id="eSc_line_dfa27975" custom="structure {type:default;}">
        <Coords points="667,1869 932,1842 1073,1844 1078,1844 1080,1844 1083,1844 1120,1829 1191,1837 1194,1802 1189,1768 1088,1770 1043,1750 1041,1750 1038,1750 1036,1750 961,1770 890,1760 887,1760 885,1760 882,1760 882,1763 880,1763 863,1785 759,1770 756,1770 754,1770 751,1770 717,1797 660,1800 665,1837"/>
        <Baseline points="665,1837 1194,1802"/>
        <TextEquiv conf="0.9705223125569961">
          <Unicode>punctorum quenumm</Unicode>
        </TextEquiv>
      </TextLine>

      
      
      <TextLine id="eSc_line_6f6eb4f6" custom="structure {type:default;}">
        <Coords points="1842,1743 1834,1753 1810,1770 1750,1760 1733,1758 1731,1758 1676,1768 1555,1787 1533,1780 1530,1780 1528,1780 1525,1780 1523,1780 1523,1782 1520,1782 1510,1795 1466,1795 1456,1787 1441,1772 1439,1772 1436,1772 1434,1772 1325,1780 1196,1797 1194,1797 1191,1797 1177,1812 1159,1827 959,1832 867,1834 865,1834 835,1842 798,1852 778,1847 731,1834 729,1834 727,1834 724,1834 722,1834 699,1854 692,1862 635,1862 633,1871 635,1904 638,1938 774,1918 803,1928 820,1933 823,1933 825,1933 900,1918 942,1911 954,1913 976,1921 979,1921 981,1921 984,1921 986,1921 986,1918 996,1911 1008,1899 1110,1901 1231,1904 1233,1904 1236,1904 1278,1886 1305,1876 1322,1881 1357,1894 1360,1894 1362,1894 1365,1894 1426,1874 1451,1866 1468,1869 1525,1881 1528,1881 1530,1881 1575,1862 1595,1874 1597,1874 1599,1874 1602,1874 1604,1874 1607,1874 1627,1857 1634,1852 1659,1854 1728,1859 1731,1859 1733,1859 1735,1859 1758,1844 1763,1842 1765,1844 1792,1859 1795,1859 1797,1859 1800,1859 1859,1839 1918,1852 1921,1852 1923,1852 1926,1852 1926,1849 1946,1829 1946,1827 2096,1815 2096,1782 2089,1730 2010,1740 2007,1740 2005,1740 1978,1760 1896,1745 1869,1740 1862,1743"/>
        <Baseline points="635,1904 1102,1866 1233,1844 2096,1782"/>
        <TextEquiv conf="0.9549832367429546">
          <Unicode>centra superficierum  nempe Linea circularis itaque</Unicode>
        </TextEquiv>
      </TextLine>

      
      
      <TextLine id="eSc_line_2b7f361b" custom="structure {type:default;}">
        <Coords points="880,2007 880,2005 882,2005 885,2005 900,1993 907,1988 917,1993 924,1995 927,1995 929,1995 932,1995 934,1995 934,1993 937,1993 939,1990 947,1978 1031,1973 1058,1980 1088,1988 1090,1988 1093,1988 1397,1963 1399,1963 1402,1963 1416,1951 1478,1955 1481,1955 1483,1955 1555,1936 1557,1936 1562,1936 1669,1941 1671,1941 1674,1941 1676,1941 1703,1923 1711,1918 1718,1921 1748,1933 1750,1933 1753,1933 1755,1933 1787,1918 1911,1921 1914,1921 1916,1921 1970,1899 1978,1894 2267,1871 2267,1842 2260,1795 1666,1857 1590,1847 1577,1847 1575,1847 1572,1847 1565,1849 1510,1869 1463,1857 1458,1857 1456,1857 1454,1857 1424,1862 1238,1891 1221,1879 1219,1879 1216,1879 1214,1879 1211,1879 1147,1899 1102,1886 1100,1886 1097,1886 1095,1886 1093,1886 1088,1889 1026,1908 922,1901 910,1901 907,1901 905,1901 902,1901 902,1904 870,1921 749,1916 754,1960 756,2007"/>
        <Baseline points="754,1960 1305,1926 2267,1842"/>
        <TextEquiv conf="0.9960649587891318">
          <Unicode>Haec abit in punctum si linc duae superticies sphaerica</Unicode>
        </TextEquiv>
      </TextLine>

      
      
      <TextLine id="eSc_line_adadfad1" custom="structure {type:default;}">
        <Coords points="684,2079 709,2091 712,2091 714,2091 717,2091 719,2091 744,2072 751,2067 766,2069 833,2089 835,2089 838,2089 914,2082 917,2082 986,2054 1018,2040 1080,2037 1097,2044 1135,2064 1137,2064 1139,2064 1229,2057 1231,2057 1233,2057 1263,2035 1347,2047 1350,2047 1352,2047 1402,2025 1458,2037 1461,2037 1619,2025 1622,2025 1666,2002 1698,1988 1721,1998 1726,2000 1728,2000 1731,2000 1733,2000 1735,2000 1735,1998 1738,1998 1748,1988 1857,1988 1864,1988 1867,1988 1869,1988 1871,1988 1894,1970 2000,1973 2003,1973 2161,1948 2240,1960 2297,1968 2299,1968 2302,1968 2354,1951 2351,1911 2346,1874 2299,1876 2297,1876 2279,1862 2277,1862 2275,1862 2272,1862 2153,1871 2151,1871 2101,1891 2092,1894 2082,1891 2035,1881 2032,1881 1951,1889 1948,1889 1946,1889 1946,1891 1943,1891 1933,1904 1931,1906 1891,1906 1800,1904 1797,1904 1795,1904 1773,1913 1758,1923 1661,1928 1644,1923 1617,1916 1614,1916 1612,1916 1518,1933 1431,1948 1384,1943 1365,1941 1362,1941 1360,1941 1357,1941 1352,1946 1337,1955 1315,1948 1308,1946 1305,1946 1303,1946 1273,1951 1186,1968 1127,1960 1112,1960 1110,1960 1107,1960 1105,1960 1105,1963 1102,1963 1093,1975 976,1973 959,1973 957,1973 954,1973 952,1973 952,1975 934,1990 801,2000 776,1988 774,1988 771,1988 769,1988 739,2002 677,1995 682,2040"/>
        <Baseline points="682,2040 1038,2022 2351,1911"/>
        <TextEquiv conf="0.9828800158254032">
          <Unicode>se tangant idque punctum est suae ad duo centra relationis</Unicode>
        </TextEquiv>
      </TextLine>

      
      
      <TextLine id="eSc_line_c074fbfb" custom="structure {type:default;}">
        <Coords points="657,2166 731,2161 734,2161 736,2161 764,2138 1011,2138 1031,2138 1031,2136 1033,2136 1036,2136 1058,2121 1162,2124 1199,2124 1201,2124 1204,2124 1206,2124 1206,2121 1211,2119 1221,2109 1261,2114 1298,2119 1300,2119 1303,2119 1332,2109 1365,2096 1407,2101 1456,2106 1458,2106 1461,2106 1463,2106 1476,2094 1493,2082 1523,2091 1550,2099 1552,2099 1555,2099 1684,2077 1777,2059 1800,2064 1839,2077 1842,2077 1844,2077 1847,2077 1901,2059 2059,2059 2062,2059 2064,2059 2067,2059 2092,2040 2096,2037 2104,2037 2186,2049 2188,2049 2190,2049 2193,2049 2193,2047 2213,2027 2215,2025 2344,2015 2344,1993 2339,1951 2250,1946 2247,1946 2245,1946 2203,1960 2193,1951 2190,1951 2188,1951 2186,1951 2027,1965 2025,1965 2022,1965 2010,1975 2005,1980 1998,1978 1975,1968 1973,1968 1970,1968 1968,1968 1911,1983 1881,1990 1857,1988 1802,1980 1800,1980 1701,1998 1639,2012 1473,2022 1454,2017 1429,2010 1426,2010 1424,2010 1352,2025 1288,2037 1211,2035 1186,2035 1184,2035 1157,2040 1068,2054 1033,2047 1006,2042 1003,2042 1001,2042 959,2052 905,2069 803,2072 793,2064 788,2059 786,2059 783,2059 781,2059 652,2074 657,2116"/>
        <Baseline points="657,2116 1332,2077 2176,2000 2344,1993"/>
        <TextEquiv conf="0.9765654638890298">
          <Unicode>unicum. Manenbibus ceutris, mutatisque ut cunque sphaeris, tan</Unicode>
        </TextEquiv>
      </TextLine>

      
      
      <TextLine id="eSc_line_03334adc" custom="structure {type:default;}">
        <Coords points="714,2225 719,2225 744,2223 751,2220 870,2195 890,2190 996,2185 1006,2188 1055,2205 1058,2205 1060,2205 1305,2188 1308,2188 1362,2166 1456,2168 1458,2168 1483,2168 1545,2171 1548,2171 1550,2171 1604,2148 1627,2141 1743,2141 1849,2141 1849,2138 1852,2138 1884,2131 1921,2121 1933,2129 1958,2141 1960,2141 1963,2141 1965,2141 1968,2141 1988,2124 2000,2116 2045,2121 2064,2121 2067,2121 2069,2121 2077,2119 2104,2106 2148,2114 2195,2121 2198,2121 2200,2121 2203,2121 2223,2109 2245,2096 2282,2104 2284,2074 2275,2015 2198,2020 2195,2020 2193,2020 2158,2044 2079,2030 2074,2030 2072,2030 2069,2030 2067,2030 2020,2054 1896,2049 1894,2049 1817,2067 1800,2052 1797,2052 1797,2049 1795,2049 1792,2049 1790,2049 1743,2052 1740,2052 1716,2059 1639,2084 1567,2087 1528,2074 1508,2069 1505,2069 1503,2069 1501,2069 1476,2079 1429,2096 1392,2087 1367,2079 1365,2079 1362,2079 1360,2079 1332,2091 1293,2106 1243,2099 1219,2094 1216,2094 1214,2094 1211,2094 1201,2101 1189,2109 1182,2104 1172,2096 1169,2096 1167,2096 1164,2096 1162,2096 1139,2106 1117,2116 1093,2111 1060,2101 1058,2101 1055,2101 957,2114 954,2114 952,2114 952,2116 949,2116 944,2121 939,2131 867,2136 848,2131 816,2119 813,2119 811,2119 808,2119 756,2138 731,2148 640,2148 642,2183 642,2210"/>
        <Baseline points="642,2183 1016,2168 2284,2074"/>
        <TextEquiv conf="0.9705643232526451">
          <Unicode>gentibus prodibit talium punctorum locus qui est recta seu</Unicode>
        </TextEquiv>
      </TextLine>

      
      
      <TextLine id="eSc_line_6a232481" custom="structure {type:default;}">
        <Coords points="1444,2173 1444,2198 1503,2188 1503,2171 1501,2146 1456,2136 1441,2136"/>
        <Baseline points="1444,2173 1503,2171"/>
        <TextEquiv conf="0.9954374730587006">
          <Unicode>la</Unicode>
        </TextEquiv>
      </TextLine>

      
      
      <TextLine id="eSc_line_cc9577c8" custom="structure {type:default;}">
        <Coords points="594,2237 594,2245 601,2278 793,2284 793,2223 788,2193 605,2193 603,2193 600,2193 598,2193 598,2237"/>
        <Baseline points="594,2240 793,2223"/>
        <TextEquiv conf="0.9241033328904046">
          <Unicode>rectal es</Unicode>
        </TextEquiv>
      </TextLine>

      
      
      <TextLine id="eSc_line_584439cc" custom="structure {type:default;}">
        <Coords points="1473,2173 1471,2173 1261,2188 1253,2185 1243,2178 1241,2178 1238,2178 1236,2178 1233,2178 1231,2178 1231,2180 1229,2180 1224,2188 1221,2190 1186,2190 1070,2185 1068,2185 1065,2185 1063,2185 1048,2198 1031,2185 1028,2185 1026,2185 1023,2185 1021,2185 1018,2185 994,2205 991,2208 806,2218 811,2252 813,2289 1038,2265 1063,2272 1080,2277 1083,2277 1085,2277 1550,2242 1602,2232 1649,2223 1726,2223 1805,2223 1807,2223 1852,2213 1911,2200 1943,2205 1958,2208 1960,2208 1988,2203 2069,2185 2106,2193 2114,2195 2116,2195 2119,2195 2153,2190 2289,2168 2341,2176 2341,2136 2336,2101 2255,2087 2252,2087 2111,2121 2092,2124 2082,2121 2042,2116 2040,2116 2037,2116 1988,2129 1978,2131 1970,2131 1869,2116 1867,2116 1641,2134 1639,2134 1637,2134 1637,2136 1612,2158 1609,2161 1604,2158 1585,2151 1582,2151 1580,2151 1577,2151 1552,2163 1543,2168 1498,2171 1498,2173"/>
        <Baseline points="811,2252 1515,2210 2341,2136"/>
        <TextEquiv conf="0.8839976815682538">
          <Unicode>duve cnt ex ee quaccntercat sc conejacant in directum</Unicode>
        </TextEquiv>
      </TextLine>

      
      
      <TextLine id="eSc_line_db746829" custom="structure {type:default;}">
        <Coords points="680,2354 749,2351 751,2351 774,2363 776,2363 778,2363 1070,2329 1194,2316 1226,2319 1285,2324 1288,2324 1290,2324 1337,2312 1367,2304 1441,2304 1533,2304 1535,2304 1538,2304 1567,2294 1604,2284 1622,2292 1634,2297 1637,2297 1639,2297 1728,2284 1859,2265 1901,2272 1921,2274 1923,2274 1953,2267 2022,2252 2092,2260 2111,2260 2114,2260 2116,2260 2129,2257 2181,2240 2378,2240 2378,2203 2371,2156 974,2272 954,2260 952,2260 949,2260 947,2260 944,2260 942,2260 907,2277 863,2267 860,2267 858,2267 855,2267 853,2267 796,2284 675,2282 680,2329"/>
        <Baseline points="680,2329 2092,2218 2378,2203"/>
        <TextEquiv conf="0.9973797638501439">
          <Unicode>Planum est locus punctorum ad tria puncta determinatorum</Unicode>
        </TextEquiv>
      </TextLine>

      
      
      <TextLine id="eSc_line_9cda2fbc" custom="structure {type:default;}">
        <Coords points="692,2443 694,2443 820,2420 823,2420 825,2420 900,2438 902,2438 905,2438 996,2410 1018,2428 1021,2428 1023,2428 1026,2428 1120,2423 1179,2418 1182,2418 1184,2418 1184,2415 1214,2388 1226,2388 1513,2391 1515,2391 1797,2341 1802,2341 1807,2341 1911,2341 1938,2356 1941,2356 1943,2356 1946,2356 1948,2356 2007,2329 2171,2329 2171,2326 2173,2326 2176,2326 2193,2314 2208,2326 2210,2326 2213,2326 2215,2326 2218,2326 2220,2326 2255,2304 2304,2314 2307,2314 2309,2314 2312,2314 2336,2297 2336,2279 2329,2232 2200,2235 2166,2223 2163,2223 2161,2223 2158,2223 2096,2247 2087,2250 2077,2247 2012,2235 2010,2235 2007,2235 2005,2235 1970,2255 1960,2262 1914,2262 1906,2260 1884,2245 1881,2245 1879,2245 1876,2245 1874,2245 1805,2267 1777,2274 1760,2270 1740,2265 1738,2265 1735,2265 1733,2265 1708,2274 1681,2282 1656,2277 1612,2267 1609,2267 1518,2287 1444,2302 1404,2294 1367,2287 1365,2287 1362,2287 1330,2299 1288,2314 1238,2304 1201,2299 1199,2299 1060,2312 1058,2312 1055,2312 1046,2319 1013,2336 927,2329 924,2329 922,2329 919,2329 902,2341 885,2329 882,2326 880,2326 877,2326 875,2326 872,2326 860,2331 803,2354 766,2336 764,2336 761,2336 759,2336 756,2336 744,2339 687,2354 618,2349 623,2410 623,2435"/>
        <Baseline points="623,2410 1891,2304 2336,2279"/>
        <TextEquiv conf="0.9773434996604919">
          <Unicode>seu suae ad tria data puncta non in divectum jacentia relationis</Unicode>
        </TextEquiv>
      </TextLine>

      
      
      <TextLine id="eSc_line_35724d41" custom="structure {type:default;}">
        <Coords points="615,2507 914,2495 914,2455 907,2418 610,2435 615,2477"/>
        <Baseline points="615,2477 914,2455"/>
        <TextEquiv conf="0.9863174027866788">
          <Unicode>unicorum.</Unicode>
        </TextEquiv>
      </TextLine>

      
      
      <TextLine id="eSc_line_b34c9b41" custom="structure {type:default;}">
        <Coords points="774,2566 803,2542 880,2556 902,2561 905,2561 907,2561 910,2561 910,2559 914,2554 939,2532 957,2544 959,2544 961,2544 964,2544 966,2544 1001,2529 1041,2546 1053,2551 1055,2551 1058,2551 1060,2551 1063,2551 1070,2544 1093,2527 1137,2532 1139,2532 1142,2532 1144,2532 1144,2529 1157,2519 1224,2532 1248,2537 1251,2537 1253,2537 1256,2537 1256,2534 1261,2529 1278,2512 1382,2519 1384,2519 1387,2519 1389,2519 1412,2499 1548,2482 1582,2507 1587,2509 1590,2509 1592,2509 1595,2509 1829,2492 1832,2492 1834,2492 1839,2487 1886,2455 2015,2445 2062,2470 2064,2472 2067,2472 2069,2472 2101,2467 2213,2450 2329,2450 2329,2393 2319,2326 2208,2334 2205,2334 2203,2334 2203,2336 2200,2336 2166,2371 2146,2356 2143,2356 2141,2356 2139,2356 2136,2356 2094,2378 2000,2381 1960,2366 1958,2366 1956,2366 1862,2386 1827,2376 1800,2366 1797,2366 1795,2366 1792,2366 1743,2383 1735,2386 1726,2386 1688,2381 1686,2381 1684,2381 1681,2381 1669,2391 1634,2415 1582,2401 1557,2393 1555,2393 1552,2393 1550,2393 1548,2393 1533,2406 1501,2425 1426,2415 1365,2408 1362,2408 1360,2408 1322,2425 1290,2443 1268,2433 1256,2425 1253,2425 1251,2425 1248,2425 1216,2438 1179,2450 1142,2445 1083,2435 1080,2435 1078,2435 1075,2435 1050,2455 1038,2462 1031,2455 1026,2452 1023,2452 1021,2452 1018,2452 1016,2452 1001,2460 981,2470 761,2482 766,2524"/>
        <Baseline points="766,2524 1515,2465 1822,2423 2329,2393"/>
        <TextEquiv conf="0.9420199214466034">
          <Unicode>si man duae sphaerae aequales circa dno centr  secent maneafeby</Unicode>
        </TextEquiv>
      </TextLine>

      
      
      <TextLine id="eSc_line_8a42ff1f" custom="structure {type:default;}">
        <Coords points="623,2618 675,2635 677,2635 680,2635 682,2635 759,2616 818,2626 820,2626 823,2626 875,2606 914,2618 917,2618 919,2618 1125,2586 1182,2576 1189,2581 1209,2596 1211,2596 1214,2596 1216,2596 1369,2584 1372,2584 1374,2584 1402,2566 1419,2556 1607,2554 1906,2544 1909,2544 1958,2529 2007,2512 2225,2504 2242,2509 2262,2517 2265,2517 2267,2517 2346,2502 2346,2475 2341,2438 2247,2443 2215,2430 2213,2430 2210,2430 2208,2430 2134,2452 2129,2452 2124,2452 2040,2443 2037,2443 2035,2443 2032,2443 2032,2445 2030,2445 2022,2457 1894,2465 1876,2455 1874,2455 1871,2455 1869,2455 1867,2455 1817,2477 1782,2480 1604,2492 1599,2492 1476,2485 1473,2485 1471,2485 1377,2509 1374,2509 1372,2509 1280,2499 1278,2499 1276,2499 1211,2522 1209,2522 1083,2514 1080,2514 1078,2514 1075,2514 1075,2517 1058,2532 1018,2519 1016,2519 1013,2519 1011,2519 912,2544 722,2542 719,2542 717,2542 620,2566 623,2596"/>
        <Baseline points="623,2596 1189,2564 1933,2492 2346,2475"/>
        <TextEquiv conf="0.9793020854978001">
          <Unicode>centris &amp;aequalitate mutentur spharae, sectiones omnes eodem modo se</Unicode>
        </TextEquiv>
      </TextLine>

      
      
      <TextLine id="eSc_line_9e9ce805" custom="structure {type:default;}">
        <Coords points="1394,2640 1684,2628 1686,2628 1688,2628 1693,2626 1723,2603 1896,2593 1963,2603 1965,2603 1968,2603 2007,2586 2067,2601 2074,2601 2077,2601 2079,2601 2087,2598 2151,2576 2223,2588 2225,2588 2304,2571 2376,2579 2378,2542 2373,2495 2346,2485 2344,2485 2341,2485 2339,2485 2336,2485 2336,2487 2322,2499 2252,2487 2250,2487 2247,2487 2186,2509 2183,2509 2126,2495 2124,2495 2121,2495 2007,2502 2005,2502 1936,2527 1933,2527 1928,2527 1797,2522 1795,2522 1651,2546 1649,2546 1646,2546 1580,2532 1577,2532 1389,2564 1394,2603"/>
        <Baseline points="1394,2603 1993,2551 2378,2542"/>
        <TextEquiv conf="0.9327559976114167">
          <Unicode>camnia punctae ca vicissim si punctu</Unicode>
        </TextEquiv>
      </TextLine>

      
      
      <TextLine id="eSc_line_6bea4cf3" custom="structure {type:default;}">
        <Coords points="635,2717 638,2717 640,2717 675,2700 694,2712 697,2712 699,2712 702,2712 704,2712 736,2695 759,2707 761,2707 764,2707 885,2685 887,2685 890,2685 917,2695 919,2695 922,2695 924,2695 927,2695 944,2682 959,2673 1115,2673 1115,2638 1110,2601 1046,2603 989,2581 986,2581 984,2581 981,2581 905,2608 860,2591 858,2591 855,2591 853,2591 850,2591 816,2613 798,2598 796,2598 793,2598 791,2598 699,2603 697,2603 694,2603 660,2635 604,2638 602,2709"/>
        <Baseline points="603,2678 1115,2638"/>
        <TextEquiv conf="0.8648655712604523">
          <Unicode>habebit _ adnum ba</Unicode>
        </TextEquiv>
      </TextLine>

      
      
      <TextLine id="eSc_line_8c0242f8" custom="structure {type:default;}">
        <Coords points="605,2764 1073,2739 1075,2739 1078,2739 1088,2732 1110,2720 1186,2725 1229,2727 1231,2727 1295,2717 1379,2702 1402,2710 1412,2712 1414,2712 1416,2712 1419,2712 1421,2712 1429,2707 1454,2690 1498,2697 1501,2697 1604,2678 1659,2690 1664,2690 1666,2690 1669,2690 1671,2690 1703,2670 1745,2682 1753,2685 1755,2685 1758,2685 1760,2685 1775,2680 1857,2658 1943,2663 1946,2663 2205,2631 2307,2640 2309,2613 2302,2564 2161,2556 2158,2556 2156,2556 2067,2584 2064,2584 2007,2569 2005,2569 2003,2569 2000,2569 1965,2584 1921,2579 1918,2579 1916,2579 1914,2579 1891,2596 1726,2591 1723,2591 1721,2591 1718,2591 1688,2613 1688,2616 1617,2621 1590,2621 1552,2608 1550,2608 1548,2608 1545,2608 1543,2608 1523,2623 1501,2611 1498,2611 1496,2611 1412,2631 1387,2618 1384,2618 1382,2618 1379,2618 1288,2645 1285,2645 1231,2631 1229,2631 1226,2631 1224,2631 1221,2631 1221,2633 1204,2653 1095,2660 1060,2645 1058,2645 1055,2645 976,2650 974,2650 917,2675 902,2665 900,2665 897,2665 895,2665 892,2665 890,2665 875,2680 602,2700 602,2713 605,2739"/>
        <Baseline points="605,2739 1713,2640 2309,2613"/>
        <TextEquiv conf="0.9810665315017104">
          <Unicode>assumatur quod se eo modo habeat ad unum centrum quo ad aliud se</Unicode>
        </TextEquiv>
      </TextLine>

      
      
      <TextLine id="eSc_line_6fa8d6ee" custom="structure {type:default;}">
        <Coords points="628,2846 1016,2818 1018,2818 1033,2814 1097,2789 1162,2801 1191,2806 1194,2806 1293,2799 1295,2799 1322,2786 1365,2769 1491,2771 1520,2771 1523,2771 1575,2764 1671,2749 1681,2754 1691,2759 1693,2759 1696,2759 1698,2759 1701,2759 1711,2752 1728,2742 1760,2747 1820,2759 1822,2759 1824,2759 1874,2737 1894,2729 1906,2734 1941,2749 1943,2749 1946,2749 1948,2749 2032,2722 2040,2720 2331,2695 2331,2673 2326,2635 2223,2623 2220,2623 2218,2623 2148,2648 2141,2650 2139,2650 2094,2635 2092,2635 2089,2635 2087,2635 2032,2658 2020,2660 2005,2658 1943,2648 1941,2648 1938,2648 1936,2648 1936,2650 1921,2665 1916,2670 1852,2673 1839,2670 1795,2655 1792,2655 1790,2655 1787,2655 1735,2675 1718,2685 1686,2685 1679,2680 1661,2665 1659,2665 1656,2665 1654,2665 1496,2678 1493,2678 1429,2697 1389,2707 1320,2705 1278,2702 1276,2702 1273,2702 1253,2707 1226,2717 1199,2712 1159,2705 1157,2705 1154,2705 1152,2705 1137,2717 1122,2727 1095,2720 1080,2715 1078,2715 1075,2715 1073,2715 1070,2715 1070,2717 1065,2722 1053,2732 996,2725 961,2722 959,2722 957,2722 944,2729 919,2742 890,2732 872,2727 870,2727 867,2727 865,2727 850,2734 820,2752 620,2752 625,2801"/>
        <Baseline points="625,2801 944,2791 1377,2739 2331,2673"/>
        <TextEquiv conf="0.9690541289746761">
          <Unicode>poterit intelligi in aliqua harum sectionum et ocus omnium harum</Unicode>
        </TextEquiv>
      </TextLine>

      
      
      <TextLine id="eSc_line_23c21788" custom="structure {type:default;}">
        <Coords points="635,2907 729,2912 731,2912 835,2903 838,2903 863,2890 887,2878 939,2878 952,2883 964,2893 966,2893 969,2893 971,2893 1068,2875 1127,2863 1135,2868 1147,2878 1149,2878 1152,2878 1154,2878 1248,2870 1251,2870 1298,2856 1342,2843 1441,2843 1548,2846 1550,2846 1552,2846 1597,2831 1644,2818 1701,2823 1758,2828 1760,2828 1763,2828 1807,2816 1857,2799 1938,2796 1956,2804 1973,2811 1975,2811 1978,2811 2052,2796 2134,2776 2309,2774 2307,2739 2297,2687 2210,2712 2141,2702 2126,2700 2124,2700 2121,2700 2119,2700 2114,2702 2087,2722 1958,2720 1956,2720 1953,2720 1951,2720 1936,2732 1921,2722 1916,2717 1914,2717 1911,2717 1909,2717 1906,2717 1879,2725 1815,2744 1777,2734 1760,2729 1758,2729 1755,2729 1753,2729 1731,2739 1693,2754 1644,2747 1607,2742 1604,2742 1463,2764 1389,2774 1367,2771 1313,2767 1310,2767 1308,2767 1305,2767 1305,2769 1295,2779 1288,2789 1236,2791 1174,2789 1058,2786 1055,2786 1053,2786 989,2806 964,2814 937,2811 880,2806 877,2806 875,2806 872,2806 860,2818 855,2823 727,2833 722,2831 704,2818 702,2818 699,2818 697,2818 694,2818 630,2838 635,2875"/>
        <Baseline points="635,2875 2307,2739"/>
        <TextEquiv conf="0.9885552035910743">
          <Unicode>ectionum, omniumque punctarum eodem modo se habentium ad</Unicode>
        </TextEquiv>
      </TextLine>

      
      
      <TextLine id="eSc_line_7dbe5093" custom="structure {type:default;}">
        <Coords points="623,2982 645,2974 652,2979 672,2994 675,2994 677,2994 680,2994 682,2994 761,2972 793,2962 811,2967 845,2977 848,2977 850,2977 1013,2974 1016,2974 1018,2974 1048,2950 1088,2945 1149,2935 1157,2937 1201,2959 1204,2959 1206,2959 1300,2952 1303,2952 1305,2952 1347,2922 1350,2922 1355,2922 1436,2930 1439,2930 1441,2930 1523,2907 1528,2907 1530,2907 1580,2930 1582,2930 1585,2930 1681,2922 1684,2922 1686,2922 1686,2920 1716,2893 1718,2888 1842,2880 1852,2880 1941,2900 1943,2900 2064,2893 2067,2893 2186,2853 2193,2851 2275,2846 2272,2811 2262,2764 2208,2779 2121,2774 2087,2774 2084,2774 2082,2774 2079,2774 2074,2779 2062,2789 1978,2786 1928,2786 1926,2786 1923,2786 1909,2791 1862,2814 1797,2801 1775,2799 1773,2799 1770,2799 1768,2799 1758,2804 1726,2823 1674,2811 1656,2809 1654,2809 1651,2809 1649,2809 1639,2814 1604,2836 1540,2838 1503,2826 1488,2821 1486,2821 1483,2821 1357,2831 1355,2831 1352,2831 1342,2838 1318,2856 1276,2848 1273,2848 1162,2865 1147,2856 1137,2848 1135,2848 1132,2848 1130,2848 1127,2848 1075,2861 999,2880 966,2870 944,2863 942,2863 939,2863 937,2863 910,2875 875,2893 596,2904 593,2992"/>
        <Baseline points="595,2948 1186,2910 1429,2880 2272,2811"/>
        <TextEquiv conf="0.9819081063781466">
          <Unicode>unum puncta punctum seu centrum, quo ad aliud, est locus</Unicode>
        </TextEquiv>
      </TextLine>

      
      
      <TextLine id="eSc_line_561e5815" custom="structure {type:default;}">
        <Coords points="1137,2989 1142,2990 1169,2973 1169,2972 1162,2920 1132,2922 1137,2974"/>
        <Baseline points="1137,2974 1169,2972"/>
        <TextEquiv>
          <Unicode></Unicode>
        </TextEquiv>
      </TextLine>

      
      
      <TextLine id="eSc_line_8328a969" custom="structure {type:default;}">
        <Coords points="593,3090 611,3092 676,3091 697,3081 702,3078 707,3081 724,3089 737,3089 746,3088 761,3073 776,3061 793,3071 812,3080 955,3063 981,3051 994,3043 1064,3040 1090,3023 1090,2994 1083,2935 1048,2935 1046,2935 1043,2935 1041,2935 1033,2940 1008,2957 848,2957 835,2957 833,2957 830,2957 825,2957 774,2972 749,2964 729,2957 727,2957 724,2957 594,2976 592,3042 592,3046"/>
        <Baseline points="592,3029 1090,2994"/>
        <TextEquiv conf="0.9522007749630854">
          <Unicode>planus planum</Unicode>
        </TextEquiv>
      </TextLine>

      
      
      <TextLine id="eSc_line_d7ac4beb_a" custom="structure {type:default;}">
        <Coords points="595,1980 595,1966 595,1980"/>
        
        <TextEquiv>
          <Unicode></Unicode>
        </TextEquiv>
      </TextLine>

      
      
      <TextLine id="eSc_line_b0d76238" custom="structure {type:default;}">
        <Coords points="1412,2912 1384,2912 1384,2952 1412,2950"/>
        
        <TextEquiv>
          <Unicode></Unicode>
        </TextEquiv>
      </TextLine>

      
      
      <TextLine id="eSc_line_fee36c9e" custom="structure {type:default;}">
        <Coords points="1266,2942 1224,2942 1224,2961 1266,2959"/>
        
        <TextEquiv>
          <Unicode></Unicode>
        </TextEquiv>
      </TextLine>

      
      
      <TextLine id="eSc_line_3c5cbee2" custom="structure {type:default;}">
        <Coords points="801,3041 754,3051 758,3086 807,3081"/>
        
        <TextEquiv>
          <Unicode></Unicode>
        </TextEquiv>
      </TextLine>

      
    </TextRegion>
    
    <TextRegion id="r3"  custom="structure {type:DigitizationArtefactZone;}">
      <Coords points="0,4240 2735,4240 2735,4451 0,4451"/>
      
      
      <TextLine id="eSc_line_8f84b6dc" custom="structure {type:default;}">
        <Coords points="2084,4364 2534,4369 2539,4349 2537,4317 2087,4312 2087,4344"/>
        <Baseline points="2087,4344 2539,4349"/>
        <TextEquiv conf="0.9671634020227374">
          <Unicode>Signalur: LH 3S. I2. 1. (1141. 57</Unicode>
        </TextEquiv>
      </TextLine>

      
      
      <TextLine id="eSc_line_ba8b1d9b" custom="structure {type:default;}">
        <Coords points="272,4366 252,4384 227,4384 207,4384 205,4386 205,4408 675,4406 675,4339 672,4307 319,4307 316,4307 314,4307 301,4312 294,4361"/>
        <Baseline points="205,4386 259,4386 284,4364 321,4364 351,4344 675,4339"/>
        <TextEquiv conf="0.884662389755249">
          <Unicode> emonamnamtanvonur</Unicode>
        </TextEquiv>
      </TextLine>

      
      
      <TextLine id="eSc_line_ae2e1749" custom="structure {type:default;}">
        <Coords points="319,4366 294,4361 272,4366 254,4384 229,4384 207,4384 205,4386 202,4408 647,4411 652,4384 647,4344 356,4347 343,4352"/>
        <Baseline points="205,4386 259,4386 284,4364 390,4384 652,4384"/>
        <TextEquiv conf="0.8317926011302255">
          <Unicode>B. sCrSSCH aNOCSOIOIOT</Unicode>
        </TextEquiv>
      </TextLine>

      
    </TextRegion>
    
    <TextRegion id="r0"  custom="structure {type:GraphicZone-figure;}">
      <Coords points="352,1404 520,1404 520,1658 352,1658"/>
      
    </TextRegion>
    
    <TextRegion id="r1"  custom="structure {type:GraphicZone-figure;}">
      <Coords points="352,1807 551,1807 551,1992 352,1992"/>
      
    </TextRegion>
    
    <TextRegion id="r2"  custom="structure {type:GraphicZone-figure;}">
      <Coords points="347,2045 557,2045 557,2208 347,2208"/>
      
    </TextRegion>
    

    
  </Page>
</PcGts>
