3291 4834
150 90 1775 290 Esta potentia A. etect obstaculum B. effectus constat
161 158 1789 375 effectum esse A B. Esta aliud obstaculum C.
179 252 1716 475 effectus in hoc, erit A-C. Jam A B  A _
214 349 1773 569 A-B. est ad A-C. ut B ad C. Nam in Numeris
209 553 411 647 10-4
682 496 902 588 10-
964 456 1187 555 4 ad 5
1324 416 2057 574 Ervor ergo seu falta propositio
1077 526 1523 660 utcunque speciosa.
147 663 1719 845 Nam vis Elasticae simpliciter matviae bc e   de sunt
190 746 1824 964 aequales per prop. 1. sustinent enim aequales potentias.
967 843 1364 966 (vel minuatur)
182 872 1794 1079 Hoc sic ostendo augeatur utrobique aequaliter pondus ab.
182 958 2275 1173 vel fd ajo volumina post absolutam pressionem seu post aequilibrium
166 1050 1719 1264 producta, fore semper proportionalia quaecuque
174 1130 1791 1361 quantacunque aut quam tulacunque sint pondera dummodo
182 1232 1657 1436 utrobique aequalia.Ac proinde Volumina esse
158 1297 1778 1541 mensuram constantem differentiae specierum sumtis
190 1466 835 1632 ponderibus aequalibus
179 1595 257 1697 r
131 1568 1692 1769 Est enim Vis Elastica conatus ad mutandum volum en
241 1667 1619 1855 Ergo si aequalis Si duiae sint po Nam si
188 1748 1703 1947 duae sint potentiae aequales (hoc loco materia bc.
201 1844 1705 2027 et de. sustinent enim aequalia pondera per hypoth.
204 1928 1735 2126 et sunt ut pondera per prop. 1.) ete c euec u se caeteris
212 2011 1727 2218 licet omnibus paribus sint inaiquae s a ine cesse est
212 2113 1802 2309 conatus potentiarum inaequales esse. Erunt proinde
204 2194 1740 2382 conatus ut effectus. Semper enim Effectus sunt
209 2282 1810 2470 in ratione conatuum caeteris paribus  ducuntur
193 2376 1724 2564 conatus per omnia actionis momenta. Jam conatris
185 2548 526 2650 mutandi
760 2441 2299 2623 cugrlandum an non ratio aequalitas sumenda a potumne
1007 2545 1426 2639 vali ad mutatum.
201 2583 1783 2774 si corpora Elastica habent conajus Volumina naturalia
190 2680 1673 2903 Corpora Elasticae divensarum secierum sunt ut
185 2774 1633 2991 volumina earum naturalia, seu quibus acquisitis
212 2868 1512 3085 quiescant. Si quae habent caeteris paribus.
652 2999 929 3101 Elastica
236 2959 1990 3195 Si duo corpora, occupent idem volumen et eodem
214 3056 1864 3297 tempore relaxentur, nec ulle impedimento graventur:
220 3150 1697 3378 impe ab omni restitutionis impedimento motus
222 3332 588 3456 restitutionum
596 3241 1652 3421 erunt proportionales. Seu si unum
252 3327 1767 3518 Volumina erunt prportionalia durante toto tempore
137 3399 1756 3614 restitutionis, seu ut sunt erunt Vires Elasticae
153 3534 1050 3708 ut tempora restitutionum
182 3566 1630 3797 Si duo corpora Elastica ferant pondus idem eode
171 3665 1646 3902 tempore in spatia diversa, erunt ut spatia
1867 3803 1885 3836 s
1876 1855 2673 1992 (hoc loco Volumina prodacta)
1892 1960 2391 2065 hoc loco Voluminis
