4927 4384
918 87 2405 216 Absolutis Axcomatibus ligisticis libro primo ab ercclide praemissis
537 158 2434 289 odimnamqus statum Axpomla  reliqua operis apiomatur cogistica. Nempre tibro
540 226 2463 384 septimo praemituntur haec: postulfer cuilibet numero quotlibet posse sumi
818 253 930 326 arite
531 338 1254 455 aequales vel multiplices.
1325 289 2451 409 Assumatur alius utcunque: contiuue augendo vel
548 353 2456 513 minuendo fiet dato aequalis. Isilligitur autem datus esse finitus. Postulatur etiam
562 418 2470 560 quolibet numero sumi posse ma jorem. Nsem  nempe datum quemvis si maja non est
550 475 2485 623 langendo dones fiat. sed haec ita manfesta ut demonstratione non sit opus. Veniamus
519 572 1252 681 ad libri un Axcomata:
353 565 2407 757 lib. 7. Ap. 1. Qui numeri aequalium sunt aequi multiplices sunt inter se aequales. Nam
558 635 2407 815 sit a = 3b et c = 3D et b= d erit a =c. Nam Ex 1 per 3 fiet
538 764 1308 898 a = 3 7d unde ex 2 fiet a-c
474 723 2478 957 Ax. 2 quorum idem numerus est aequimultipter vel aquimultiplices suntaequales
521 818 2448 1010 inter se aequales sunt a = 3b 1 = 3d a = c. Ergo b=d.  Nam
511 910 2141 1091 Nam firt 3b -3C per 1 et 2 fiat 3b = 3c. Ergo per superior. b -c
489 966 2478 1149 Ax. 3. que numeri aequalium numerorum vel ejusdem eadem pars vel
497 1071 1535 1217 eae dem partes fulint aequales inter se sunt
1600 1032 2497 1164 sint num. at Cum pars intelli–
482 1098 2478 1300 gatur aliquota, id est cujus mulliplex est numerus continetur hoc in jam demonstratis
494 1256 1113 1376 idem dico de Ax. 4.
582 1244 2485 1454 Ayiomata 5 et  ex eo ostenduntur, quod Numerus dactus in unita–
519 1344 2461 1505 tam prodicit Numerum sibi aequalem. Nmpe quia semel unum est unum.
543 1424 2470 1583 N Axiomata A7. g. 9, 10, 11. itivem ex hoc solo demon–
523 1490 2485 1661 strantur, quod nthil aliu est Namerum a metiri numerum b per numerm c
516 1578 1725 1743 Cg quam b esse mulliplicaum ipsius a, secundum C
631 1631 2373 1841 Axiomata et Theoremata hoc commune habent quod sunt
533 1814 955 1926 prouuntiata.
1091 1731 2468 1897 Definitones est et postutatu non sunt proruntasa
553 1821 2429 1999 habent tamen id commune cum axiomatibus quod sunt,
531 1877 2458 2077 prjucipia; quemadmodum problemata etsi nou sint pronuatiae
548 1975 2465 2148 id tamen commune habent cum theorematibus ut sint propo
562 2055 2470 2238 sitiones, quam vocemaliter sunt sumunt Mathematici quam Logici
567 2118 2409 2313 quibus amnibus  sola pronuntata sunt propositiones. Cum
572 2206 2441 2384 ergoaliquid proponitur ad ostendendum sive veritas ostendenda
558 2286 2448 2472 sit, sive modus; id est sive ad quaestionem respardeatur avel regando
562 2369 2380 2532 sive explicando propositio est Mathematicis. Hoc obite
540 2452 2361 2603 nunc ad principia proprie geometrica, sea
553 2540 1569 2703 ad situm pertinentia veniamus.
187 1868 358 1943 Roct utatu
204 1909 321 1980 nonsum
211 1938 441 2048 propositiones
248 1992 375 2067 exrese
2505 460 2782 555 Nam qurdictahue,
2643 125 2953 226 Axioma 6 et 7
3221 106 3779 221 (itidem ex duobus compositum)
4146 107 4571 194 vel Axt dimidia et
2787 177 3840 302 Sipioane textum, quae ejusdem duplicis
3815 197 3940 306 ilum di
3981 168 4269 280 st hoplicis
4330 211 4771 309 ut, inter se sunc
2772 260 4729 377 aqualia et quod unius aequalium duplum est, estt alterius aequalem
2758 326 4792 443 sic ostendebur a = 2b et c = 2b Ergo a =c Nam in aeg. 1 pro 2b substituatu
2777 423 2816 499 a
3620 396 4822 506 neter (imo) _ b- 2a et (4) b = cc Ergo a-
2829 465 3097 521 per prartli ide
2875 423 3335 484 ob aeg. 2 fiet eg. 3
3304 406 3581 511 in 2 subatu d
2848 499 3443 577 (ex aequ. 1. sit (atd) b. 2 = a
3533 477 4780 565 ex aequ  fit (5to) b b: 2 =C Ergo per axioma
2772 535 4819 640 paecedens sit an re prodit 3t a aequatio a =c Nam quia aequalium dimidia aequ
2782 604 4817 694 lia sunt, hinc ex similitor porro si (imo) b = 2a et (2do) b = 2c. sequitur
2768 662 4805 774 3tio) a =c. Nam quia ae qualium dimidia sunt aequalia, ut jam est demm distratum
2775 703 4788 842 et b)dimidium 2a = a, fiet (ecopimnd e dimidium b seu b. 2 = a. Et eo dem modo
2777 774 4734 925 ex 2 fielebu pe b: 2 = c. Ergo ex5 et 6 per de quia jam demonstratum est
2780 823 4814 993 eidem aequalia inter se aequalia esse, fiet a 3tia propostio seu conclusio
2799 947 3328 1049 emonstranda a =c
4580 971 4792 1047 Nempe
2897 962 4563 1098 Hic addendum esset. Majus majore est majus minore:
2626 1022 4783 1188 (primo) a pe b et (2d0) b p C. Ergi erit (3tio) ape de monstratio _ Ex 1
2519 1115 4766 1271 per def. majuis) fit (410) a= b+ l et ex 2 fil (5t1) b = c+ m. Ergo 4 per 5 fict.
2655 1190 4407 1351 (6L; a = c+ 1+ m Ergu (per def. majoris) fiet 3tio conclusio a He
2892 1237 4805 1400 A delendum est si duo sint ho mogenea a et b, et falsum sit esse
4347 1315 4831 1417 Hujus haec proposit
2797 1383 4836 1551 potest pro ipsa defini ab Euclite nonpo usurpatur quidem, non tamen demo
2771 1441 4841 1609 stratur ino ne quitem inter Axdomata collocatur ut aequam erat pendet auter
2763 1519 4839 1675 ab homogenta definitione, quam hoc loco  inferere necesse est. Homogenea
4161 1573 4551 1651 er salva magnituo
2514 1634 3206 1743 alibi detimvimus sunt quae ex
3206 1597 4841 1724 qua jisdem manentibus sunts refieri similia. Aceo
4471 1661 4534 1719 un
4554 1673 4846 1753 ab uno simile
2663 1704 3182 1784 Et it ea homogenea hoc f
3486 1663 4354 1756 Excoma, dequo inen plibi erut a
2802 1714 3457 1829 jam poritio contonua ula
3706 1700 4556 1790 agutud unformi magnitudinis
3552 1724 4751 1841 aSimili uno transeatur ab aliud simile, sitque
2792 1760 3547 1897 ad ali si ex uno simili fiat ia
4427 1841 4495 1897 epo
2780 1770 4827 1948 eademque mutatio uniforunter continultur tandem a quovis simili dato pervenietur
3842 1858 4264 1955 ergo a tent
4327 1831 4819 1931 mogenea usique reddi
2814 1885 3618 2009 quodvis datum et simile dactum
3372 1894 4829 2014 consideremus id de quo egitpes. Quia a et b sunt homogenea
2733 1960 2811 2050 cd
3097 1963 3248 2023 num
2565 1936 4758 2104 utque risri poterum similia, iisdem manentibus, quae insunt seu selva magnitudine
2782 1994 4732 2150 sit ergo a v b. Ergo 81 ab uno ad aliut pervenii tra asiri potest porro
2785 2050 4812 2209 Dimalia si similiter collocentur ad eadem, vel congruent, et tunc crunt aequalia
2768 2104 4741 2274 vel apparebil qu quod sit majus, quoniam enim continuando unformite
2780 2155 4753 2355 id minus e ie et i se quoversus continuando evanescitur apoterit discerni macus
2780 2216 4773 2408 a mvori, sin omus congruant, u  aequalia erant, de quo mox. Hic ergi
2777 2289 4800 2486 ses offert nova notio majoris et minoris  ex principio similitudinis,
2792 2360 4785 2552 indem, dens  consideratione congruentiae_ Nam circumferentia minores
2760 2423 4810 2618 est circuli, est similis circumferentiae majoris et apparet etiam utri majo
2760 2491 4773 2666 ciriaorve sit, sine ulla congruentia aut in congrua ans ea quo siti applicari
2782 2540 4788 2735 possun taniformatione. Nempe mitur ea est gr a majore sic discenitur
2775 2593 4761 2793 quod  sint duae circumferentiae a et b, et contianato transitu ab a ad b
4383 2657 4753 2776 sed si velimus
2758 2696 4366 2849 tandem evansscatur, ft de dicetur a major, b minor.
2720 2730 4744 2912 rem ad congruentiam redigere id est ad definitionem nostram priorem, quod
2719 2796 4771 2990 miuus parti majoris aequale est, oportet concper duo comparanda commutare
2733 2859 4780 3037 in cong uniformia, seu quae ubique sibi dogruunta est commutare c curvas
2716 2910 4771 3117 lineas in rectas,, et superficies grobas in planas. Solita autem hoc privileriums
2733 2968 4785 3168 habitit, ut tranfformatione sta non indigeant, quia omnia solida intus similia sunt
2768 3032 4812 3219 sedex simplice illa definitione majoris quod si nolimus uti simulitudine, alia depni
2721 3098 4746 3270 cidat homogeneorum opus er idea cam s, eponta ddide solabit tatane  eaed possur
2707 3146 4778 3324 si alte auferas alterum quos ilm homogenea alite definiti ex e scilicet quod
2736 3200 4792 3375 unum alteri aliquolies detractum, veliguit se minus supponitur definctio minoris vel majoris adeoqu
2721 3263 4736 3421 de et defonitio cequalis. Sit  falsum sit esse  afi b, Ergo si a = b+ l fiat I = 0
2640 3319 4719 3485 et falsum sit esse api b. Ergo si a+ m= b erit M-o Ergo si a+l= b+ m a
3045 3382 4705 3536 duabus quantitatibus quibuscunque a et b, fieri potest a + l = b+ m
2982 3431 4715 3585 tret 1-0  Si a e) b. fiet m -o nanente l quod si nentrum feri potest
2704 3480 4700 3660 oportet, ut vel possit tollil et m simul, et fet I-0 et m-. seu a =b, vel
4468 3577 4719 3665 inc et unisor
2721 3543 4693 3709 ut non sto sit tot fieri l=o, nec pien possit M =o sumatur erg  un  Ergo
4398 3633 4688 3733 ju parte picus
2716 3616 4427 3765 non possent L et m sami omnium possibilium miniiu num nemplt alio
2714 3667 4398 3809 miter decrescendo, ul simul fient o s et erit illud majus a cum
2699 3684 4751 3894 prius pervenietur ad o,  con quod est contra Hypothesu, qua negatum est, esse
3964 3762 4802 3879 etsi simulitudinem non assumamus
2498 3854 2660 3949 teri bus
2729 3804 3902 3946 Hoc ignur ratiocinata me ad minet
2278 2927 2370 3024 us
584 2947 2246 3083 quo -kh. 5 F): CCxhoof +) hpb. fd02 -xg02 +sisuor
280 3010 2439 3173 quo- lif(2) c: C hxtscklivo430- Ephvo2 90o ftit. 5xhS ) : 6ПC-0ПC -X B: C -X
377 3127 1242 3217 rettis + ApXS,+ Eplimar o quo 1o
1454 3129 2029 3185 1 a20000 del
2090 3132 2244 3175 1E vi
272 3175 2249 3322 3500fo hhas thtino axqu0 C dv 19 h- a540n c: 639+10 es B
918 3256 2300 3390 nenvmmus act ff-hit. (7: tixtit dvor - eph g p.
307 3334 2305 3485 fs-tit. FD : sph  B B HZ FX ∞ S sit : 6d0o 2X 173 10 N =qu 1s
287 3404 2322 3565 qo-hl:. 8800 = x hoxc Fih. X0 F Xq00 Nonoo 1g k- ∞o 1.cX94 31 s V
1505 3485 1593 3580 2)
1727 3480 1808 3555 e2
1544 3551 1598 3675 et
1727 3529 2180 3646 Ep dquo- -Xx 1
200 3604 462 3706 Apr
499 3568 745 3699 So-
799 3587 1142 3728 im x nos
1225 3614 2158 3733 25: c 700- f. 3quo+ 3X : 1is
192 3684 994 3784 2-ig0 =a  nos EsZ as-qu
1047 3704 1113 3801 gs
1245 3694 2095 3804 af-90 1: E xav 5x n 1
96 3745 411 3838 av -tit cmroir
365 3801 477 3884 atiue
577 3772 894 3867 Exre titis
1381 3762 1503 3833 X
1800 3775 1912 3848 E+ do
2005 3782 2132 3870 rote
421 3853 482 3910 s
572 3821 1515 3930 in X + SitiovEx = xx hs qs
1610 3818 1727 3904 t -
2027 3826 2129 3936 at
1069 3882 1287 3958 d t
1671 3836 1906 3973 3 80)
360 4155 1211 4223 GOTTFRED VVILHIEIM LEIBNIIZ BIBLIOTHIER
4291 4162 4729 4228 Signalur. LH 36. 1. 1. 1361. 11811
350 4228 1211 4296 NIEDERSRCHSISCHE LANDESBIBLIOTHER
4611 138 4690 216 d
4099 3889 4498 3991 t c el
4448 3846 4517 3933 s
