4797 4083
172 147 1234 272 Hoc etiam patet ex eoquod
102 240 1379 374 recta est interscctio duorum planorum
99 328 1213 462 nam quia unum planum e est
86 406 1400 537 locus punctorum eodum modo se habentium
99 462 1574 646 ad puncta si pla et A, B; et alterum planum
95 562 1336 737 pta est locus punctorum eodem modo
102 651 1579 827 se habentium ad duo puncta _ velut A, C.
111 750 1429 920 erit Recta oc (quae sectio est planorum)
124 864 1486 1016 locus omnium punctorum eoder modo sitorum
117 970 732 1102 ad puncta A, B, C
229 1025 1404 1197 Caederum si quatuor puncta adhibeas
115 1111 1341 1286 A 1B, et L, M. punctum quidem rectae
99 1202 1375 1354 eodem modo se habebet ad A et B, ite
94 1290 1370 1447 a A L et M, sed non ad A et L, etC.
102 1383 1250 1512 sed in tribus res procedit, at nam quia
97 1449 1345 1603 eodem modo se habet ad A et B, per unum
106 1542 1336 1676 planum et ad A et C per altem planum
120 1619 1272 1744 eodem modo se habebit ad B et C. )
104 1679 1631 1850 Nam quia V. A ∞ V. B per unum planum
129 1850 1259 1975 1t V. A ~ V. C, eut etia
108 1964 587 2082 V. B~ V. C.
181 2041 1291 2191 Saetem nt via clariuse et distrncta
95 2152 1282 2288 habeantur prostabit plano non uti nisi
60 2250 1366 2393 n eo, quod quodvis punctum ad plans puncta
72 2340 1388 2474 unicum est in plano, et quod plani punctum
93 2413 1343 2545 est unic unde sequitur rectam esse locum
93 2483 1366 2622 unicorum ad duo puncta ostendendum et
104 2572 1334 2715 planum esse locum unicorum ad triaa
74 2649 1345 2790 puncta, quia indesequitur dato Ambitu.
70 2746 1345 2869 in plano figuram esse datam ex ambitu
55 2812 1359 2966 conclusam. quod Enclides ubique tacide assimit
61 2901 1295 3041 congruere cilicet dduo Plana, quorum
63 2969 1223 3139 cus  circumferentiae seu ambitus
70 3096 460 3202 congiuant.
2557 335 3585 485 Puncti ad punctum situs datus
2466 451 3580 585 est si detur continuum in lujus duo data
2482 523 3589 666 puo ita cadere illa possint. Nec refert
2491 592 3560 732 continuum sit linea superficies an corpus
2475 675 3612 814 quamun naque item puncta sunt in extrems
2486 746 3594 866 contini an alias determinata interim
2491 798 3589 932 commodissimum est adhiberi pro continuo
2493 866 3555 998 lineam et puncta ejus extrema, itam
2486 930 3601 1088 ex p ex linei denique ex lineis simpli
2505 995 3698 1154 cissimam nempe rectam, sed nos ad hac rectam
2498 1052 3619 1204 cissimulamns, cujus nondum data est definifio
2486 1104 3716 1292 se dari potest, nisi praesupponendo situm puincti
2480 1247 2791 1342 ad punctum.
2580 1245 3619 1419 Puncta duo (A et B) eundem inter
2475 1338 3594 1481 se situm habent quem duo alia puncta
2480 1408 3623 1574 C et d. Si priora aeque ac posterioni
2473 1481 3592 1658 in duo ejasdem contixii puncta L, M
2482 1553 3583 1742 cadere possunt. ed quod idem est si
2473 1662 3546 1801 idem continuum punctis L et M
2468 1735 3673 1857 applicari potest ad puncta A et B, itc ma
2491 1823 3067 1950 id puncta C et D
2539 1860 3680 2036 Hinc sico situm punctorum A et B
2477 1968 3569 2116 congruum esse situi punctorum C et D
2482 2061 3480 2204 quod ita deigno A. B L C. D
2482 2141 3628 2279 infra autem ubi recta erit constituta
2480 2216 3539 2379 ejusque magnit intercepiae magnitudine
2455 2286 3533 2447 situs puncti ad punctum exprimetur
2464 2388 3036 2499 dicemus AB = cd
2555 2422 3641 2576 Pato puncto A, datoque alterius puncti
2484 2508 3721 2653 X situ ad A non ideo datur punctum X
2530 2594 3612 2726 Cum situs puncti A ad B vel punctopeu
2448 2672 3637 2808 punctorum (A. ut B) inter se unum punctum
2457 2722 3578 2873 ab alio non distinguat, poterit L et M
2466 2801 3628 2923 LM non minus collocari nt A inter AB
2489 2864 3798 3016 quam inter BA; ita ut si  simul petest possit
2496 2951 3596 3055 collocari in A et L in A, et M in B,
2477 3019 3657 3146 possit etiam simul collocari M in A et X
2471 3096 3614 3218 2 In B. eodem manente continuo LM
2448 3159 3621 3295 sed inverso. Situs scilicet puncti
2455 3243 3660 3388 B ad punctum A, idem est qui situs puncti
2462 3323 3676 3477 A ad punctum B, vel situs punctorum
2464 3431 3087 3574 A et B inter se
351 3858 1182 3926 SOTTFREDNVILHIELM LEIBNIIZ BIBLIOTHIEX
4166 3865 4615 3933 Sionalur: LH 36. 1. 3. 141I 2Ir
340 3937 1189 3996 NIEDERSACHSISCHELANDESBIBLIOTHEK
4357 66 4477 196 56
4497 3482 4597 3571 Ls
