4799 4344
3285 260 3522 304 indetiuim
2585 282 3985 419 Planum est fectio solidic in duas partes eodem
2491 376 3997 492 modo se habentes ad sectionem, nisi quatenus termini
3220 448 3954 562 sit solidi punctum quodque
2483 458 3150 581 differentiam faciunt
3437 516 4671 649 duae partes sint X et Z quamin puncta epcitis te
2483 530 3403 673 et ipsum solidum erit Y.
3143 603 3386 682 simul X et.
3522 598 3640 678 seu V
2450 620 2662 714 ic X et
3171 627 4019 760 e XZ sectio erit 3
4123 651 4248 736 aV
2527 649 3121 760 sectionis puncta erunt
3019 704 3196 786 sit plana
2534 719 4161 849 dico ut sectio set planum, fore XZ sit planum, fore X.
2534 822 3029 946 fore V. X ∞ Y
2636 946 4026 1071 Si solidum interminatum secetur in duas
2505 1011 4108 1151 duo segmenta eodem modo se habentia ad sectionem, sectio
2515 1073 4036 1238 dicitur est planum interminatum et quicquid in hac
2520 1153 3990 1310 sectione est dicitur esse in plano. El eplana est
2498 1240 4016 1385 Et quod commune est diversis duabus partibus ejusdem totius
2464 1300 3987 1460 quanum una in uno, altera in altero est segmento dicetur
2471 1402 2802 1545 figura plava
323 4119 1194 4182 SOTTFRIEDMILHIEIM LEIBNIIZ BIBLIOTHIEK
4084 4126 4765 4204 Sionatur. LH BB. 1. 12. (141T. 21 CC
296 4194 1204 4266 NIEDERSACHSISCIIE LANDESBIBLIOTHEK
4270 339 4456 419 exclusis
4258 388 4364 463 iata
4183 393 4667 533 peterederminis
