3373 4813
195 142 1800 259 gravitatem mossae in aere libero idem eventurum
205 240 1776 374 ecce aliud e experimenti commutationem quae hoc
162 331 1794 467 quoque effugium praecludat. Scilicet fiat Experimentum
205 403 1821 550 Torricellianum in aere libero, at Tubus ipse extremitate
203 494 1816 609 A. intret in clausum. Ut prius Experimentum fiebat
181 558 1805 705 in aere ibe it Tubus intrabat in liberum. Imaginare
155 639 1690 791 Tibi in eadem fig. vas D. aliter locari , ita ut non
155 732 1698 879 Tubum AB. cum vase subjecto C non includat,
187 826 1784 965 sed haec in aere libero relinquantur, nisi quod Tubus
216 901 1674 1048 AB extrenitate A. intret in vas dd. Delupso
181 1000 1834 1128 Mercurio usque ad altitudinem residuam BE. aperiatur
211 1088 1832 1219 Epistomium prope A. ub Aer vasis D.dividat
147 1155 1818 1304 sese inter vas d. et spatium AE. et proinde vasi tensio
176 1246 1757 1393 an AE. diminuetur, tanto magis quanto Vas
200 1318 1845 1478 D. est majus. Quia enim tota tensio in AE. distribuetur
176 1398 1746 1572 per tolum spatium D et AE. simul, non potest non
213 1481 1752 1644 exigua pars tensionis spatio AE. obvenire. Quo facto
171 1572 1821 1738 necesse est si verus est Funiculus, seu si Mercurius sensione
176 1647 2123 1823 potius materiae tenuis tensae in AE. quam gravitate contrapondio
165 1748 1741 1890 massae aereae sustinetur; cessante nunc tensionec
144 1820 1730 1976 nunc penitus diminuta, ac pene in nihilum redacta
165 1898 1738 2053 Mercurium  pene totum delabi in vas c.
176 1984 1819 2139 quod si non fiet, demonstratum est Funiculum seu
187 2072 1770 2227 resistentiam materiae tenuis faeris an alterius nihil
137 2147 1800 2309 conrrefert materiae tenuis (aeris an alterius nihil refert)
211 2224 1885 2390 tensionem esse nullam. suspensi Mercurii causam non esse
195 2320 1789 2457 Idem t otn confidmetur uberius, ac spraeterea speciatim,
203 2403 1754 2532 appareat an aer vim patiatur cum tenditur dilataturque
195 2486 1725 2612 an potius tensio seun e dilatatio ipsi sit nsituralis, seu an
192 2558 1794 2701 ipse dilatet sese quantum potes, ubi a nullo circumjecto
192 2644 1810 2786 premitur; Experimentum hoc inctituatur: Esto Ampulla B
430 2713 898 2804 ello pblongo praedi
169 2735 1687 2871 cujus collum AC. non aqua plena praeter partem
159 2810 1800 2938 colli C quantamcunque ut AC quae Tubi ita exacte
168 2882 1730 3026 et antliae vicem praestare possit. Esto paulo supra
167 2957 1757 3101 C. Epistomium D. quoaperto Embolus collo AC. exacte
197 3034 1679 3173 quadrans immitaturcollum AC.
200 3099 1717 3240 non tamen usque ad C. ut relinquatur spatium aere
184 3163 1789 3320 plenum inter F. Embolum et c. aquam. in quod
176 3224 1861 3390 spatium etiam incidat Epistomium D. quod um sit apertum
192 3307 1701 3449 aer ab embolo intranle pressus per Epistomium exibit.
171 3387 1685 3526 aYunc claudatur Epistomium Embolusque totis viribu ex
181 3470 1653 3583 collo AF. extrahatur ut ne follis contrahat sese
173 3542 1714 3671 tabulaeque sibi accedant obstaculo pessulove impediatur.
171 3615 1631 3754 sentietur inter extrahendum resistentia ingens.
184 3681 1725 3829 Claudatur Tubus A. ne aer externus intret. Certum
187 3754 1834 3911 est si foramen aperiatur in Follis B. tabula quadam
189 3866 1831 3970 futurum esse ut aqua subito assurgens repleat
192 3914 1738 4069 spatium CD. id funclli patuni ficri dicent
160 3984 1754 4131 non a pressione Massae aereae in aquam follus B. aperto
155 4088 382 4165 cut in tot
136 4072 1770 4222 ab una tantum partex seu ba latere G
136 4149 1765 4288 non vero asiatere F. exercitam. Funiculi defensore
139 4227 1762 4358 dicent tensionem materiae n aerem. Qui in spatio
168 4286 1730 4438 F C. residuus manferat ita fuisse tensum, ut coactus
160 4369 1848 4524 sit replere spatium, totum AC. hanc autem tensionem
171 4457 1842 4588 ei esse violentam eumque conare se contrahere in priores
163 4524 1829 4684 dimenssones, ac per consequens attrahere aquam claudere
1917 919 3196 1053 et si placet a materin temus in AE.
1971 1002 2768 1141 residuae aensione suspenso
1906 2000 2214 2096 in Tubo relictae
1853 3866 3209 3960 item si formmine g. clauso Manente, dustaculum
1904 3930 3108 4034 Tabularum Follis appropinquationem ad se
1917 4013 3110 4112 nivicem impediens auferatur follem
1939 4066 3161 4192 subito se contracturum, quantum satus sit
1963 4157 3241 4251 ut aer ex aqua ex eo in spatium CH.
1952 4208 3201 4323 (aequale spatio AF) ascendere aeremque cF
1949 4280 3164 4387 in maximam amplitudinem seu per totum
1948 4353 3121 4449 collum diffusum in priorem dimensionem seu
1944 4414 3113 4547 spatium AH. spatio  aequale, cogere
1943 4484 2180 4624 possit
2889 4532 2994 4659 96
