4831 4345
359 77 717 185 Supposition
113 164 1284 282 yt on suppose la verite des valeurs des nombres
127 258 1253 374 Tar exemple que 3+2 est 5, et que 3. 2 est 6.
123 337 562 451 et thoses semblables
352 929 642 1011 Demande
1494 944 2428 1045 tant qu'on ne prouve point qu i est impossibli
169 1001 1202 1105 On demande qu'il soit permis de prendre
84 1048 2011 1177 ysdur un nombre tent ce qui ent ir las operations des nombres commeun nombre
86 1091 2054 1247 otibns des nombres, su  entrant dans tes uperations comme un non bne donne un nombre
173 1199 1245 1325 Ainsi 2-3 est pris pour n nombre, quogqu'il
120 1217 2223 1400 soit te moindre de rien, savoir -1  et ce nombre augmente par 2, domne 1. Et
123 1327 1453 1474 est pris pour un nombre, quoyqu il soit moindre que l'unite
103 1416 1248 1525 unite cec ex est d pour uneececca
96 1477 1226 1597 et ce nombre multiplie par 3, donne 2. Et
1602 1433 2160 1537 1T nombredos parties d'une
79 1489 2399 1672 23 est pris pour un nombre, quagque en ne puiste point l exprimer par  echelle qui se rapporte a
931 1576 1685 1667 qqugqe i ne loit point exprimable
103 1614 1214 1747 exp Expanitei pat quelque mecure juste la quodo
79 1583 2283 1829 repprimet par la repetitior des unites, on par la repetition quesqu par de quelcune des parties egiles de l'unite
94 1740 1195 1885 lequelr partiecdec certte, qui donne runite par sut
94 1800 1199 1931 sa repetitin On pent prouuer que a quon fcnt
82 1839 1335 1991 il est et Cest e c est a dire on appelle eta cela
74 1892 1598 2071 un nombre sourd ou irrationel, on dit aussi qui que ce nombre
82 1952 1504 2124 n est point cam commensurable avec lunite, ou avec quelque nombre,
77 2032 1347 2184 qui a une mesure commune avec l'unite. eera
86 2088 1335 2240 que ce nombreta incous on pent prorucer dans la suite
79 2145 1323 2312 quce nombre ince Cependant id pfellala le non
62 2215 1289 2387 cependant, si ce nombre il3 est appelle a, a
57 2322 625 2435 cee a bu aa) donne 3
2576 523 3143 622 Si GNIFICA TCONs
3714 533 3988 620 qu'on voudra
2462 572 3614 683 (1) Tout nombre peut estre marque par une lettre,
2474 613 4183 745 par un nombre imaginaire, ou par quelque autre caractere, de ceux dont. ly en a beauco up;
2477 697 3597 803 quttaeta t pourven que ce caractere ne soit
2484 743 3592 861 pas encor determire a quelque signification dans le calcul ou
2484 820 2885 885 et nambre doit enfrer
2583 820 3604 936 repeera finsi un nombre, connu ou incannu, determine
2491 881 3592 992 on indetermine peut estre marque par a, b, X, y. A, B, C
2493 926 3602 1037 D D. 8, ibe même 10. 1, 13, ek. 100. 101, etc. mais ce
2474 977 3565 1083 nombres alors ne signifient que des tetrres, et sont employes
2474 1030 3565 1136 pour marquer quelque on rapport _ qui est entre les nombr
2469 1004 4587 1190 qu'on marque. Et il funt alers les distingver par quelque marque des dta de leur nombres quils significut ordincirement
2472 1199 2914 1296 pour un nombre a part
2520 1204 3590 1332 Aisi a +b1C est autunt qu (a tlre _ on a +Cb+ c), et
2455 1289 3157 1392 abe est autant au (ab)C, on albc)
3264 1274 3365 1361 atb
2464 1298 4097 1467 (2) att ext elcladritiom, et le nombre est appelle la somme faite par l'additionda et C
2551 1387 3616 1506 Si a signifie et 3, et b signifie 2, _ alors atb signifie
2467 1467 3039 1569 _ cad 3+2 Cest a dire 5
2469 1499 3628 1634 (3)  a signifie autant que ta, oubien le +
2472 1602 2930 1696 neut etre sous entendre
2576 1612 3621 1733 a+b, est autant que + a+b. Et ab est antant que
3416 1665 3631 1738 Le nombre
4022 1670 4167 1716 cerat
2443 1706 2788 1812 quC (+a) (1b)
2469 1672 4567 1844 (4) ab sedecare sceblraaca marque la subtraction  a-b est appellele Aeste selt e qui Reste quand d_ on
2455 1764 3821 1902 reste S _ es LL a Y es 2C alo reste c Tors. que d. d on sic b
2551 1740 4461 1938 a est aut 3, et b est ant. 2; a-b sera 3-2 (est a dire 1 car si a 3-2, ou a 1, on adsonte 2, in aura 3
2844 1824 4007 1967 epoint interposarle ou un comme interpose,  et quel quet
2455 1911 2619 2044 (+ Perar
2650 1914 2679 1964 s
2518 1955 3604 2085 Ainsi _ a est ant 3 et b estant 2; ab sera
3821 1906 4589 2027 chercher ce nombre. Cest fuire une division
2489 2018 3522 2131 32 on bien 3 2 ou bien cle 2+1, 2 ou bien 6
3858 2078 3961 2150 ju
2445 1950 4792 2208 15) la ib ou a: b on  est ute dis xeo une fractioa, un nombre le quel multiplis par b, donne a. sdu bi
2452 2078 4589 2278 lares leleente resta le prbbenant d'une division d' a par b. et a est l le dividend, esb ex le diviscur
2711 2165 2875 2213 nombore an
2464 2201 3681 2326 si Ce provenant garde cette forme, a: b ou  on l'appelle
2462 2261 3635 2380 fraction, dont le nomere a est appelle le Numerateur
2462 2298 3993 2438 et b le denominateur. Mais quand ce provenant est compose est
2464 2327 4466 2495 un nombre entier, (qui in est qu'une repetition de l'unite) ou bien la somme d'un nombre entier, e
2460 2435 3500 2558 et Nune fraction; aid elqua ertec aeentm de
2460 2479 3614 2607 et d'une fraction moindre que l'unite, cetcentier est
2455 2510 3894 2672 appelle Q votient, et lors que le denominateur est le diviteur meme, son
2438 2590 3689 2730 se Numerateur est appelle le Residu dela Fraction division
2522 2638 3730 2802 Hinsi E est 2, 3 e est 2+ =. F on b et Y sont dividends
3592 2730 3647 2785 um
2448 2734 3626 2877 D est le diviscur, 2 est lx quotione;  fractiea 3,
2433 2809 3609 2940 sont des fractions; du 6, e D, 1, sont chumeratears,3 est le
2445 2860 3647 2983 enominateur;  6 et7 sont  e i en B est le deviseur;
2440 2898 3872 3048 2 est lae quotient de la division, c est le Residae dela division de 7 par 3
4019 3012 4367 3063 tpontinumde mo
2452 2941 4799 3121 (7) _ aa, on a, on a, el  es ristance est uppolle rne leproduit d a par a est appelle quarre
2445 3012 4637 3203 Et de meme aaa, ou a, ou Bla; este et dememe est appelle chube; et generalement, a, on a, ouc
3838 3055 4787 3164 jaa, ae aaa, anaa  vubien a, a, a, ete. out
2436 3133 3606 3258 en allant plus avant; est la puissance d'a, selon
3846 3109 4700 3215 en bien _ Eda, fla, tola, etc. est la
3845 3147 4797 3278 puissamce seconde, qme, ame, ou autre pussance d
2436 3191 3679 3311 1 Exposant 2 ou 3, en autre. _ a est appelle quarre
3848 3215 4797 3316 selon l'expesant 2, ou 3, ou 4, ou autre. Mais
2431 3256 3662 3396 et a, cube et a biquarre, et a surdesolide, et a bicube,
3839 3258 4804 3374 a meme or a, est la premiere punstance; qua
2423 3326 3689 3473 in triquarre, et a septieme puisance, ou oecond surbe solide; et on
2421 3384 3585 3526 a quadriquarre ou 8me puissance et a cubicabe, on tricule
2426 3447 3652 3577 Et a visarsolide, et a surtrisulide, ou lonzieme puissance,
2419 3476 3754 3628 on la troisieme puissamce apres le cubes dunt lexposant soit un primitis.
2419 3553 3587 3686 et a, quadricube en bitriquarre on bibicube, ou bitriquarre.
2481 3611 3616 3736 aalo si a est 3, aa on a sera g, et daa ou a sera 27
2436 3654 3790 3784 et a sera C g1;  F) 5 sera 25 et 5 sera 125
2448 3698 3816 3838 (2 (3+2) sera autant que F2I5 on st. il est a noter cependant
2448 3739 4051 3900 que lus que les Geomettes ent com contume de designe, de par la puistante
2435 3799 3910 3963 quarre par excelleme quand ils partent de puissance d un degre
2798 57 3408 144 Elemens du caleut
354 4118 1190 4188 COTTFRED UVILHEIM LEIBTVIZ BIBLIOTHIER
4217 4125 4652 4195 Sionatur. LH 35. a. 12. (2I.
352 4192 1185 4260 NIEDERSACNSISCHE LANDESBIBLIOTHIEN
4193 1337 4787 1433 dont lquesomme avec b, drane a
3983 1412 4410 1508 un nombre Le quod ate
3993 1426 4797 1535 et se nombre est appelle chercher ce nombr
3985 1474 4794 1576 et faire une subtractien, dont il est appelle le Rest
3949 1523 4782 1623 c est a dire ce qui reste lous que d'a on ote b
3966 1583 4263 1664 d'une subtraction
3894 2578 4710 2679 Car si ces nombres sont multiplies par 3, ett
3896 2621 4695 2749 donnent b, on 7: on dit que a Z. 3
4179 3694 4647 3788 quelques fois d'entendre
