3268 4788
103 96 1735 247 omnes anguli inclnationis observentur, et qniu
1506 103 1580 180 vis
138 204 1389 321 in quoque Mercurii sit ascensus notetur
1487 196 1647 329 Hoc
1679 199 1753 268 A
141 292 1740 433 facto quoties instrumentum tecum habebis aspectus
143 388 1777 510 statim sine et indagare placet situm corporis alicuta
154 470 1822 595 inclinationem. Locetur Instrumentum in situ ei parallelo
151 542 1822 694 quod dioptris adhibitis facile fiet si res est remotae, et
175 633 1873 776 simplici applicatione si propinqua. statim tibi
170 712 1796 864 angulum Mercurius dabit. Hac arte et horizontem
149 798 1969 944 et perpendiculum et elevationem stellae cujusdam alteriusve
162 901 1981 1037 corporis altitudinem, quotrescunque summa exactitudine
135 986 1748 1125 opus non est, facile habebimus. Quanquam si in
141 1056 1905 1204 minuta usque dibidatur, ad rem nauticam et Geometriam
133 1146 1942 1284 practicam sufficiat. rectius pro Ita in uno instrumento
127 1220 1902 1364 habebimque compendim multorum. Poterit Tubis applicari
138 1292 2008 1455 et Dioptris, et Mensulis Geometricis. Perpendiculum vibrationibus
133 1375 2007 1545 suis continuisvalde impetit, quominus linea perpendicularis
109 1449 2003 1630 exacte sumatur. Linea Horizontalis sumenda est
119 1526 1953 1713 aut sumta jam perpendiculari alia ad angulos ad eam
122 1614 1894 1798 rectos ducta, aut sine perpendiculari, ope liquoris cujus
143 1686 1857 1899 superficies est horizontalis. Sed cum ipsa liquorum
149 1771 1798 1963 superficies non sit perfecte aequalis, se et modo in medio
151 1848 1796 2021 modo in extrevio altior, hinc nova erroris occasio, cuj
146 1915 1996 2117 Instrumento isto infallibiliter occurretur. Et hc est potissimum
151 2008 1966 2194 Usus Instrumenti ad Hactenus usus instrumenti ad inveniendas
157 2085 1948 2287 Iuclinationes, id  lineas Horizontalem perpendicularem
210 2170 2562 2383 aut sidusignadum su Inclinactionem, in  re mensoria, Geographica, Astronomita
210 2266 1748 2465 Nautica Architectura civili militarique
151 2346 1649 2534 maximus. Restant alii duo, primum Mechanicus
170 2428 1752 2606 denide quod mureris Geometricus. Mechanicus
143 2511 1727 2710 est data inclinatione invenire pondus vim ponderis in
236 2553 2528 2766 plano inclinato. Ea erit in ea ratione in quo es ad vim ponderis perpendicularis
143 2609 2387 2856 altitudo descensus hori in qua est altitudo  inclinationis datae,
172 2638 3174 2931 descensus anguli dati, ad altitudinem descensus perpendicularis. Eodem modo et ictus obliqui mensurabuntur
143 2790 1745 3029 resus Geometricus est, habere instrumentum cujus
133 2867 1777 3085 ope  inveniatur Angulo dato, ratio secantis
151 2952 1775 3162 ad radium, seu duorum secantium inter se, sunt enim
149 3019 1804 3261 secantes seu radius et secans,  (radius enim potest
122 3098 1668 3322 dici secantium primus seu minimus) ut altitudines
1250 3146 1798 3311 Ecce instrumentum
164 3229 1200 3415 descensus in instrumento reciproce.
151 3335 1011 3527 implicissimum maximi usus
215 3351 1785 3598 Experim. VIII. Sumatur Venio ad Experimentum
127 3465 1681 3697 quod ego ad usum philo in toto hoc argumenti
138 3567 1679 3766 maximi momenti esse judico ad detegendas intimas
157 3649 1676 3843 rerum rationes, etsi sit simplicissimum. Nullo
122 3713 1817 3920 hactenus Experimento dijudicari potuit, an aer resistat
106 3811 2074 4005 tantum compressioni, auporesistat tantum tensioni seu dilatatiu
143 3904 1713 4099 compressioni vero, non nisi quatenus alibi tantundem
135 4000 1620 4176 tenditur. An vero resistat neque compressioni,
138 4056 1687 4256 neque tensioni, sed generaliter diffirmitatiut
170 4144 1647 4330 scilicet amet omnia esseaeque tensa, aut
149 4217 1719 4412 omnia esse aeque compressa. Haec quaestio inter
149 4322 1634 4474 primarias habenda est non hujus argumenti tantum,
146 4378 2048 4572 sed et totius philosophiae, cum potissinis naturae phaenomenis
167 4471 1705 4647 aeris compressiotensiove misceatur
2144 853 2272 936 600
2055 915 2283 994 2+bo
1954 3806 2509 3923 dem comprimitur
1950 3737 3166 3862 tensioni non nisi quatenus alibi tantum.
2560 3835 2600 3910 3
2887 4585 3003 4648 11V
1945 1066 2647 1173 EQ uod non difficile non e
2544 1125 2711 1183 Aae
