3143 2751
242 24 629 88 18) itaque coincidunstinea
564 51 718 100 rectace
657 42 683 71 e
724 42 787 73 unea
247 82 1158 171 28 secmgei punctmi sua ancation
632 82 645 117 n
733 42 1577 143 suae ad duo data not relationis unica per 16 et 19)
269 163 859 224 cavisE eaudeni rectam
1005 160 1192 206 per 17 ef1
1218 129 1522 209 qicu transit
128 195 1238 264 sig es recta paa u o extrema recutonis contiguacam
262 235 1120 308 (20) ( a puncto quovis ad quodvis
1155 255 1513 322 duci potest recta
1216 212 1357 276 ee 13)
275 299 1505 382 e nam a puncto quovis ad quod vis datur via, eaque sibi
304 351 538 444 similis (per
585 363 654 440 1)
658 348 1157 420 ias Nec et geset corordus sgus
317 420 1566 515 (19) omne punctum suo relationis ad duo dato puncta
272 495 1391 574 unicum radit in eandem reectam continualam.
1436 507 1556 577 sint
285 556 1250 637 sit _ punctum A, suae relationis unicum
1284 570 1521 637 et c
313 626 354 690 ad
362 629 1539 704 C et B et sit recta cujus duo suit puncta D et E, suae
290 690 906 770 relationis unica ad C et B
973 689 1499 761 ajo punctam quodes A
282 736 1562 834 ajo punctum A cadere in rectam per d et E continuatam. Nam
308 790 1339 891 jungatur recta DA (per 18) ilemque recta ere EA
240 863 356 946 (21)
408 861 1537 946 Locu omnium punctorum sua rlationis ad duodata
285 923 1521 1004 pruncta unicorum est eadem recta continuata. Sint enim
288 967 1551 1053 talia loca plura,. Sit punctum A seu sua relationis unicus
304 1014 1543 1095 ad Cet B i ajo cadere in rectam pe C et B continuatam
299 1074 1241 1150 jungantur (per 13) AB et AC et BC rectae
180 1129 1511 1204 (1) 49) omne punctum suae relationis unicum ad duo data Puncta
334 1170 712 1222 u ad duo data puncta in
753 1176 796 1216 lo
261 1179 1551 1265 cadit in randem rectam continnatam per duo data puncta transeante
264 1227 1551 1299 seu recta est locus omnium punctorum ad duo  ex ipsis puncta mco
256 1282 658 1337 est una recta continua.
742 1266 1521 1335 sit recta  cujus extrema A et B et aliud
261 1308 1547 1392 punctum C, in ajo codere in rectam monologum ad A et B ajo id cadere
250 1358 1545 1441 in AB continuatam. jungatur p recta _ (per 20) ea est mono
256 1399 1511 1491 loga ad AB_ B et C (per 19) ergo quae Duo puncta sunt motiologa ad
1352 1438 1507 1484 est mnaloqe
253 1459 1543 1542 A. B, C.impe  B per 4; et  C ex Hypothesi) en ad A, B (per
262 1509 1537 1584 raliocinationem similem factae in (2) ergo tota ABC est, contiua
727 1551 827 1590 ic) rec
249 1558 963 1633 est ad AB monologa 2 ut proponebatur
262 1590 1543 1682 (2) Unius recta non nisi unica est continuatio. seu si AB, continnata
278 1646 1519 1725 ABC sit recta, et ABd sit recta, oportet pen A, B, C, d, cadere
259 1696 1481 1763 in eandem rectam. nam jungatur cd, cum _ BC sit monologa ad A, B
255 1737 1504 1812 itemque  et tam C quam d sint puncta mohtologa ad A, B, erit
264 1785 1521 1853 et recta cd monologa ad AB, ergo ABCd erit continua monologa ad AB
251 1830 1487 1902 eaque non est nisi unica, seu st coinci alioqui inter duo puncta _ B et d
248 1870 1250 1939 duae essent viae, una per C, alterpu non per C (contra 9)
285 1904 1495 1988 (23) Recta est inter extrema brevissinalinearum brevissima, nam
228 1944 1528 2028 ad viam brevissimum ratic quia omnes rectae sunt similes (er 10), Deo cujus.
231 1986 1495 2066 ves rectae eadem est relatio ad viam brevissimam inter extrema qE in
233 2028 1499 2107 verb. g. , si _ ung recta esset dupla vel dimidia  dipantio extremorum)
233 2070 1510 2151 omnis recta talis foret) F Sed ex natura rectae, quae nihil aliud ad determina.
238 2113 1510 2190 tionem requisit, quam duo puncta, non potest  deter minati modus diversi
244 2151 1519 2228 tatis seu quanto sit major vel minor quae vis recta quam distantra extremoru
261 2194 1461 2264 itaque eadem est, seu est ratio aequalitatis Aliter via minima a puncto
269 2228 1496 2306 (24) vedsturts via brevissime a puncto ad punctum sunt similes
220 2274 1516 2338 inter se. Cum enim spatium sit per omnia simile, et viae brevissima ex dnobus punctis
218 2306 1525 2371 similiter determinentur, nempre ex hoc sylo quod dace sunt brevissimae, infer duo pncta
238 2344 1050 2393 bi mulla haberi postest ratiodiscornendi. Ergo sunt simile
71 2344 1517 2438 25) omnis via brevissima est recta, nam pars brevissima cotersuo extrema est brevissima inter sua
924 2381 1522 2454 trema Ergo sper 2) similis toti nguer Drec
1227 2414 1369 2455 AN Tve
1696 91 2502 158 Haec satis proba. Hic constitui elementa, scil eo incidere
1657 129 2478 194 Tum punctorum loimu brevissimam, et hunc esse unicam. H
2520 119 3117 189 Rectam, sibi similem, ad duo puncta monola
2259 163 2274 200 id
2289 177 2424 218 odo fecto
2543 154 2555 209 s
2574 152 2638 210 sut
2684 160 2820 221 igenologia
2939 165 3013 215 est
1631 207 1735 285 te
1635 163 2147 218 egorum ad duo puncta planum ad tria no
1732 204 1748 236 no
2763 203 3066 255 spatium. Puncta hom
2976 194 3010 227 mg
1600 230 1702 302 tanto
1736 235 3115 304 Rcctu est te ubiqusibisimilis, seu cujus pars quaevis
1748 299 2118 363 est similis toti
1706 299 3043 394 Et Et paltes rectae sunt similes inter . Hinc pars rectae est recta
1744 366 3048 450 (4 Recta non redit in se, alioqui ubique in se rediree
1745 412 2919 519 qui ubique est sibi similis. () Hinc recta spatium non claudit
1748 481 3014 585 (6) Recta producitur in infinitum, nam quia pars ejus
2589 539 2910 612 poterit produci
1771 537 2557 643 producitur, utique et simile ei totum
1762 608 2548 698 (7 Recta producitur utrinque quia
2562 585 3025 672 pars ejus media sumi
1767 664 2511 764 potest, quae utique utrinque producitur
1768 695 3086 823 ( si episdem rectae dua suit partes AB, et cd, necesse est
1751 754 3061 869 ut se habeat via minima _ ad B A ad AB, ut via minima
1741 843 2329 929 inter B it C ad CD alioqui
2335 805 2922 900 AB, et Cd non esseut similes
1637 834 3078 972 a) Hinc oua rectae quarum (extrema aequidistant sunt aquates. et vicissum
1823 878 3087 996 due recta non steect vele nisi semel sitti occurrunt
1748 938 3026 1057 Ex puncto mimobili A, ogrediantur duo puncta mobilia
1732 1040 1936 1124 3 et c
1952 990 3074 1108 in linea rectas ajo nunquam coincidere yB, et DZC
1751 1111 1814 1164 nisu
1828 1112 1871 1164 in
1973 1049 3031 1164 seu si B  ZC erit  A. nam ponamus
1712 1127 1921 1196 velolitaterat
1716 1114 3014 1254 motim ipsius B paritem et ipsius C esse unisuomem, ergo
1719 1181 2961 1300 aequalem, in enim in arbitrio est, in respandentibus
2869 1196 3048 1277 est deteria
1693 1271 2534 1367 eodem tempere, cum sit A. ZB
2543 1248 3051 1360 linea recta ex datis duoly punctius,
1777 1317 3037 1428 ouae rectos non nisi semel sibi occurrunt, Nam oecur
1719 1364 2984 1499 rant sibi in A ex A agrediatur recta ABB, et recta ACC
1687 1432 2970 1557 eso nunquam coincidere B ale et C: set enia Nam quia A1B
2707 1525 2999 1568 AiBhB simAere
1684 1484 3037 1618 Lim A2B; et A, C sim. A2C.  A ponatur esse A1B dA2B
1683 1554 2973 1665 AA A.B et ad A2B ut A+C rel at ad A2B. argo
1676 1600 2953 1730 status A. B, C similis est statu, A2B2C, _ est autum 2B2C
1686 1639 3028 1771 punctum quodcunque nunguam ergo concarveat, aut semper. Nempe
1680 1694 3037 1834 si condideenus punctum B ex A egredi, et punctum C itidem ex si
1676 1757 3020 1872 et simuliter semper procedere, motuque utrobius aquali, atique statius teraporis
1597 1791 3000 1931 A, similis est statio temporis M (cum et linea sint simules & motus
1658 1834 2985 1986 similis. Ergo s tempore L, e percurso non i occurumt sibi B et C
1673 1901 2744 2044 ccurrent cimpore M percurso, Id est nunqusvam
1704 1950 3005 2090 (0) Linea recta ex tatis duobras punctis est determina
1658 2006 3014 2148 10) duae recta sunt sibi similes. Nam quoe similiter determinantur
1678 2067 2976 2194 puntra sunt duae autem rectae similiter determinantur, quia
1686 2102 3003 2234 ex talis duibus punctis eodem modo. Nihul aliud enim ad rectam deter
1644 2151 3023 2298 12 cus Rcturene ad dud datapueta Huae telatune mecontiem minam
1696 2205 3016 2341 dam requiritur, quam ut via sivi simidime per duo puncta
1667 2300 2037 2376 et etfer quia
2053 2260 2959 2355 idem aliter: duc purccta sit recta AB, et
1692 2304 2967 2410 lduor puncta alia  dico esse similes. Simvatur pars ipsius
1652 2347 2944 2460 Auequae sit d aqualis sumantur earum partes aequales BC, et MN
1846 2394 2994 2477 (ciiquis enim homogenei parsalterius parti aequalis sun potest), ergo
55 1852 248 1902 i recta non eet
42 1972 232 2026 foret brevis.
105 2014 239 2060 ectapla
55 2044 240 2107 etat
38 2092 233 2154 ratu t nunm
55 1756 247 1806 Exus pobstetiam
50 1786 209 1830 demonstrarip
53 1812 236 1853 23. Nam pa
45 1887 207 1928 brevissima, cum
48 1913 217 1948 aliquam bre
47 1934 206 1980 vissimam esse
44 1963 134 2000 necest.
47 2144 221 2182 A ad ui
58 2167 223 2228 _ unitater,
224 2602 771 2648 COTTFRED VVILHIELM LEIBMIIZ BIBLIOTIIEN
2529 2607 2939 2654 Signatr: LH 35, 1. 14. 1401.25
224 2651 775 2694 NIEDERSRCHSISCHE LANDESBIBLIOTHIEK
