2866 4625
128 92 768 213 qu evet
375 43 1323 131 Schoteu Experimenta Magde burgicabis es
760 87 1418 179 eHydraulico pneumatica demos
138 156 1426 308 Otto GerickimeExperimenta
61 246 1393 400 nova ut vocantur Magdeburgica de
118 321 1406 498 spatio vacuo Anst. ap. toh. tanson ide
118 444 765 567 aesberge 1672. fol.
128 475 1416 665 Gerick. lib. 1. c. 19. cilat Heveli diss. de nativa
131 578 1372 732 Saturm facie ejusque variis phasibus certa periodo
118 657 1403 806 redeuntibus et Christ. Hugenii lib. pecul. 1659.
136 727 1434 904 de systemate saturnio Hevelii liber nd fallor
105 835 1041 994 fuit prior, et Hugenio facem alluxit
444 889 1393 1022 C. 35. refert Lessium perfect. divin.
78 963 1398 1110 lib. 2. cap. 2. statuentem spatium infinitum imagina
74 1014 1400 1171 rium, esse ipsum DEum. (timplerus quosque DEum esse locum coeli
115 1068 1388 1223 et se cap. 6. d  lib. 2 idem innuere
102 1097 1444 1320 videtur pertetrius etsi enuntiare satis clare non audeat
115 1184 1421 1374 clarius capi. 9. Spatium terum esse ipsam divi–
84 1261 1382 1436 nam essentiam tam intra quam extra Mundum
329 1328 1429 1462 lib. 2. c. 80. per intergogationem simulus
141 1395 1413 1559 sponsionem detuli 100 thaleros cuidem ffrichur
123 1451 1434 1629 fico excellentipro labore ejus si intra destina–
113 1513 1406 1695 tum tempus quartam scilicet annt partem, quo
100 1580 1400 1765 inter nos conventum fueraat compulare posset
105 1652 1418 1842 summam Numeri 2. vicilis in se ducti. ille pro
120 1716 1446 1906 mnttebat deponens 10 imperiales, et quidemnon
100 1788 1429 1973 intra anni quadrantem, sed unum menseu se praesti–
102 1875 1445 2040 turum illud, et productum propositi exempli ela–
105 1950 1441 2112 pso tempere in praesentia eorum qui tunc aderant
97 2006 1424 2181 adhibere non cogitans ob emergentem characte
102 2094 1418 2263 rum maltitudinem id opus nullius esse mortalis.
92 2202 830 2350 ut sequitur in operatione.
236 2243 1094 2374 2. semel in se ducta faciunt 4
244 2340 1429 2502 2 ter in se ducta (id est 82: 4.∩ 4 = 16. 16.
249 2428 1421 2620 2 quater (id est 256) in se ducta faciunt 65536
246 2492 1424 2695 2. quinquies in se ducta faciunt 4294967
349 2636 524 2721 296.
257 2636 1418 2810 2 sextes in se ducta facunt 18446744073
321 2739 861 2872 709551616 &t
161 2746 1431 2965 x his videmus tabi modo si semper productqus ruitus
282 2857 1441 3003 in se ducatur; et ita propedatur vicie
275 2906 1418 3083 duplum fere semper oriri numerum haracte
285 3042 488 3145 rum
503 2977 1408 3137 Ergo in septima multidicaae
257 3060 1372 3224 fierent cyphurae 40. in octava 80 in
267 3129 1429 3291 vigesima Exphrae minium 327680.
143 3204 1406 3378 quis haec unquam multiplicet, ne dica
149 3278 1426 3445 addat. Et in ultima operaioe vigesima
133 3340 1411 3507 volens 327680. in se ducere opus haberet
120 3419 1411 3579 26843000,000 Ziphris, cum tot literas 1249
115 3489 1406 3653 volumina corporis juris non continea si enim
97 3558 1413 3720 corpus juns cum notis othofcedis contineat 1000 folia
97 3622 1416 3787 fosium 4 columnas, columna 90 lineas linea 60
100 3694 1413 3872 literas fient 21600000 literae quae in 26.843
105 3764 1413 3938 000-00o ziphris continentur 1242 vicivus Et
113 3831 1406 4016 unde sumetur papgsri folium in cuussuperficiefiat
105 3902 1398 4072 calculus Et quantus prevera iste u ermulus
115 3959 1431 4144 rerum numeratarum, si 53 ziphraeehuhimedis
115 4039 1426 4211 calculoClavii calculus Archimedeum continuante
123 4111 1411 4267 sunt. majorem coprehendunt numerum, quam
105 4177 1421 4360 qui contineri possit abe terrarum supposito pstole–
161 4252 1424 4404 maica constemate quid ergo hic ngmerus qui nec
146 4314 1424 4473 scribi potest (ru tamen possit umo verbo enuntiari
133 4396 1082 4529 vigesimum quadrato quadratum de 2.
239 2256 1451 2435 2 bis() in se ducta faciunt 6. (2
1451 711 1935 835 minoris intravit.
1455 1700 1994 1819 Ex vase A. ex aqua
1456 1847 2135 1978 temis cd. aerem extrahit
1462 53 2786 164 Gericki. lib. 3 (De propii experimtis) cap. 1. hgeme tempores valde
1508 125 2750 231 figido quando aer scintillulas insar atomdium
1470 172 2788 295 quasi scintillat, id fit ab aqua illa termi in aere
1459 238 2799 375 distersa ac pendula, quae tunc congelatur ac se
1485 328 1961 426 paratur ab aere
1457 359 2804 501 Gerick. lib. 3. cap. 1. aer pi totus premit, ut aqua 20 ulnas
1457 421 2801 567 Magdeburgenses alta. Quando celidere pluvile fit levior
1778 495 2765 614 Cap. 2. ra aquam dolio minori,
1485 552 2788 691 positeo in alio aqua pleno, opesyringis extraxit
1457 616 2801 773 aqua ut locum impleret, ex dolio majore, per valig
1812 727 2799 865 cap. 7. Gerickius observit aquam in spatias
1470 801 2788 940 exhaustum vitrum violenter intrantem sonitum effecisse
1480 878 2791 1007 materiae durae, ut saxi, et ipsum vitrum fregisse. Item
1457 935 2788 1079 si vitrum ex aquae ri vacuum, aqua semiplenu spatio
1462 1007 2781 1140 residuo aqua et haucto concutiatur vehementer,
1465 1079 2804 1202 aquam sese in semetipsa dilatare, spatiumque vocumm in ipsa aqua
1468 1151 2794 1253 oriri, et illico cum fragore quali duo asserculi ad iinnem concus
1464 1194 2801 1333 aentes conquassarentur aequaliter concurreae semper autem bulla
1472 1256 2773 1387 in ipso concursu bullulam parvam in madio nada cum
1470 1307 2794 1459 antea momento separatianis necesse fuerit spatium esse va–
2467 1379 2783 1468 Omni aquae
1457 1387 2387 1521 cuum idem repecitp. 8.p. 2.
1477 1456 2341 1595 allisione bullulam aquae exergigi
1506 1600 2089 1731 Aerum extrahit ex vase
1477 1803 2058 1901 descendit Tubulus longus sed
1537 1762 2030 1847 epleto ad b. in quam
1462 1875 2745 2022 aqua plenus aerem extrahit per ef. orificio f
1475 1945 2773 2081 intrans in recplens Magdeburgicum. Ita enim
1467 2006 2773 2155 continus suctionibus non aqua sed aer omnis in
1470 2060 2770 2225 ea resuius exit, et aqua penitus descendit ex ca
1483 2132 2796 2268 isque ad horizontem ordinariae altitudinis aqua
1458 2181 2781 2351 cirunfusa b. ita semper vacuum demonstrari pt
1480 2243 2742 2402 inbersa machina, ut cd impleatur aqua
1501 2297 2763 2471 gitrum erecta ut tota aqua ex ec exeat. Et
1488 2345 2794 2541 vero subinde bullaa oriebantur, sed ea inverso tubo
1498 2417 2794 2605 statim per majus versus ef tendebant. Et aut semper
1534 2482 2801 2664 novas generatas successu temporis ejusmodi bullas
1529 2556 2788 2733 pisi magnitudine circiter, eversione Tubi cd. expel
1516 2623 2768 2805 lendas (. Hinc contra ipsum probatur nunquam intus
1529 2674 2776 2875 ostendi posse verum vacuum. (+ Hnc aquam aere perfecte
1524 2736 2773 2944 purgare difficile: at 9 Boylius et Hugenius, purgare se
2359 2813 2765 2913 Si. Machinula
1521 2846 2218 2993 ajunt posse, at non diu +)
1503 2867 2801 3055 impleatur cerevisia piad dimidiam scilicet partem, ut an
1467 2931 2796 3114 factum erat aqua, et potrea extrabatu, tunc tota qua lereviia
1472 2977 2794 3168 in stumam redigitur seque ita elevat, ut partim in siphone
1485 3034 2796 3211 e ascentat. Si subito aperiatur aditus aeri externo, tum
1483 3091 2778 3260 is tanta vi aquam aspendere facit in cd ut pars c.
1583 3155 2770 3314 eratur etiam machinula lente inflectenda est
1498 3211 2781 3358 ut aqua in cd intret, alioqum tanto impetuilla
1495 3270 2794 3427 bitur, ut duritiem apidis referat, quo Tubi vitrei, frangunt
1495 3322 2758 3489 et tunc externus aer per c iprumpens in A. ipsum
1534 3378 2788 3527 quoque disrumpet. cavendum quoque ne ninis virretur machinula
1437 3422 2794 3592 fangitur enim. Notatu hoc loco digmem , quod agua
1480 3473 2791 3651 e fistula minori cd quando scilicet machinula per aliquod
1475 3520 2791 3705 tempus inversa, ac sic fistula aqua repleta steterit, postea
2344 3576 2791 3676 uta 100 credo ulnas
1472 3597 2328 3766 erigitur) non descendat, etiami fi
1470 3625 2783 3823 alta esset. Ratio haec est quid aqua in se ita consolidatur, et
1467 3666 2773 3869 conjungitur, ut nullo in loco velit initium sese disjungendi
1470 3720 2794 3933 vel rumpendi sumere, nisi machinula illidatur ad mensai
1490 3782 2794 3987 velpavimentum tunc ob violentiam, et quidem cum fra–
1470 3831 2794 4057 gore rumpit aliquo loco in certo quamvis cum maximo
1456 3895 2778 4113 statae periculo. Idem facit ex bene davatum, nec hoc in passie
1462 3954 2776 4170 quicquam facit aerei cylundri gravitas. Sicut autem cum
1467 3992 2806 4224 ternpore h liquores ita consolidantur, ut absque violentia dirupti
1470 4059 2791 4288 nem non patiantur, tamen fallit quando fistula plena per unum
1475 4108 2796 4329 alterumne diem conservatur erecta (omnes enim liquores prae
1483 4175 2804 4398 sertim quando pendent, ut hoc modo aqua in fistula effluvia
1493 4231 2794 4427 quoddam aereum edmittunt, quod cum tempore in Tubi apice con
1501 4280 2791 4478 elobatur et diterimen vel separationem partium vitri sculicet
1465 4337 2812 4527 et liquorum causatur, namque tunc aqua, communiter in–
1506 4457 2125 4563 sperat nc nitur delas sa
1835 1526 2051 1641 cap. 8.
2567 1487 2737 1615 aqua
