4952 4430
499 82 2478 226 si tuo si puncta B et C se habeant diverso modo ad punc
420 167 2466 317 cum datum an semperostendendum posse isa moveri punctum C ut
452 223 2414 376 s eodem modo habent ad A, ut B se habet ad A; sed hoc facile
440 290 2412 440 quia posiset accedere mei dere in B, sid generalius  an ostendemus
411 349 2471 499 si continue sit moventur donec incidat in A, an necessario aliquando se habeas
420 411 2473 561 ad A ut B se habet a A. it  sed hoc solum verum est, si C remotius
386 538 676 659 quam B.
868 474 2498 617 Ergo ex duobus punctis B et C, illud est remotius ab
396 524 2485 711 quod altero immato non B pervenire ad A, quin prius habe at ad
1567 639 1604 708 .
1752 600 2483 726 Brevissima vutem via movebiae
366 627 1530 787 se ad A, uti se alterum habet ad A
374 662 2490 844 quod nunquam nec movetur per punctum se remotius.. ita habemus
447 728 2461 908 ieF notionem  distantiae independentem a recta ver
388 790 2463 991 quia incertum n haec nobro realis; seu an revera duo tribus
396 863 2432 1082 punctis A est B, d C, hoc seusu alterulum sit propius.
3876 258 4368 354 cujus termini non spectantur
3039 302 4809 443 Planum est bisectio solidi  utrimque eodem
2919 393 4435 543 modo se habens, quatenus termini, solidi non spectantur.
3044 479 4863 627 Punctum A vel Y. punctum determinatum A, punctum indetermi
2888 605 3263 721 natum est Y.
3492 580 3741 696 Locus Y
4597 632 4782 758 Hinc
2968 657 4538 804 si sit Y ∞ A erit locus Y spatium interminatum.
2855 723 4794 903 sequitur omnia puncta se in spatio interminato habere eodem modo
4154 809 4789 922 sit pn sint puncta
2840 824 4061 977 spatium interminatum ubique sibi
2855 876 4760 1058 A. B. C. etc. dari pos et sumatur punctum L, dantur puncta L. M. N, et
2857 1033 3197 1149 sic ut sit
3204 949 4750 1129 A. B. C etc ∞ . M. N etc. (Etiam Roctam et
2862 1033 4895 1215 Etiam pla schal. Etiam planum et recta eodem modo sibi congma sunt
2941 1092 4819 1287 imo ebiam sphaera e ejusque superficies, egtinder ejusque superficies, et
2906 1146 4821 1360 corpota annularia cnta superficies annulares, &t rotatione genita
2869 1196 4883 1432 sed ratatione genita excludantur, amplus addent quia etsi quolibet
2852 1257 4858 1516 puncto et dato ut A, inveniri pt aliud L i eodem modo se habens sed non
2857 1383 4144 1584 pro L sumi pto punctum aliquo aliud quodlibet
2926 1390 4804 1648 sed spatium interminatum non tantum ubique sibi congruum, sed et
2785 1471 4789 1749 ubique sibi simile est, seu in parte quavis assami ut aliquid simile essu
2765 1540 4821 1823 alter cuicunus in eodem spatio assunto idemest verum in plano et in
2818 1624 4878 1882 recta; sed non es verum in superfere superficie spherca, aut contindrico
2749 1803 3605 1959 autulinea circulari e helicali.
2882 1764 4762 2020 Locus omnium punctorum eodem haben modo se habentium ad
2768 1845 4745 2111 duo puncta quorum quidlibet ita se habet eodem ad duo dato puncta eodem
3674 1912 4883 2111 sit scili sint duo puncta A et B. quaeratur
2751 2037 3487 2183 modo se habet est planum
2719 2015 4804 2264 fertium Y. eodem modo se habens ad A et ad B; seu ita ut sit A.Y ∞ B. Y
2719 2210 3182 2330 erit  planum
2840 2185 4804 2438 fortasse optimae ratio explicandi est per motum continuum.
4095 2328 4853 2490 ecta rursus motu sib similiter
2771 2276 4819 2520 sicivel considereum Natum ubique ei simile esse, et punctum in eo moveri.
2724 2406 4088 2618 quod dum novetur sidi simuliter descubit rectam,
2729 2411 4858 2672 bit planum; et quadem potest ila movero subi simliter ut sium ut oestigiem lneo
2719 2478 4856 2721 a puncto ejus desclipte sit perpendiculare. vel quod dem eodem eut  plano
2722 2537 4843 2798 decta recta semendicularis, potest per eam medere, haec describet plani, ec atam
2736 2594 4792 2857 jacedens per planum descubetque spatum.  ver ultin aliquid, novi descrubi ab
2722 2648 4843 2923 vici a quoabet puncto ad quodlibet recta duci  Et quolibet similo ad, rectam
2707 2724 4710 2995 quamlibet nomalis e in quolibet puncto ad plan quod labet normalis
2746 2943 3125 3049 Hec ostendendum
2948 2835 4789 3093 Recta moventur motu semper sibi simili, seu ut vestigium sem per se simliter
2756 2936 4804 3179 habeat ad punctum digue essionis fl sit punctur digressionis A. a punctum ad
2736 3125 3288 3258 Quod periventum est Y.
3344 3002 4863 3204 livea descipta AH, eut AV AY  simil A punctu aliude,
4324 3086 4745 3204 Alo quod Y sit B.
2739 3120 4137 3322 Ae A Y sim AY A ent AY sim AY
2731 3273 3197 3398 erit AY sim AB
3384 3169 4870 3359 sit BZ recta et  aliqua Z sit A, eut 0Z sim. AB.
3467 3238 4880 3435 B3 se habet ad AB ut AY ad AB seu BZ et A Y se habent eode
2734 3356 3165 3472 Ergo BE sim. AY
2727 3435 3039 3548 modo ad AB
4641 3403 4769 3509 22
2803 3324 4873 3603 sit punctum eE se habens ad E,  recta _AV At s  aliquod Y sit B
2722 3457 4171 3681 dico omge V esse Y sit enim E, quae snsit H et non sit Y
2951 3487 4760 3706 recta AB sit descripta motu ab A ad B, dico eam posse continuari ulcunque
2744 3551 4794 3758 nem samatur in AB sumatur punctum H, et jam AB est sim. AH, et AH est continuabilis a
2707 3703 3507 3827 ad B1) ergo et AB est ntirnabilis
4208 3718 4752 3846 sumatur BL L in BE.
2800 3649 4787 3881 frecta AB non nisi uno modus est continuablis sit continnatilis duobus vesus E
2776 3770 4075 3927 et vel versas F. Est ABE  AB et ABF si. A P
2766 3780 4860 3977 et M in BF sis ut sit BLE sim. B MF fet AC ramus L BA BM sim. L ramo EBABY. sed 2L
3389 3964 3467 4039 ct
3421 3846 4737 4014 repossunt ad B, et tundem in eo concidere, manente imatitudine, Ergo
3549 3935 4275 4051 tr scu A talti tte
4285 3937 4836 4064 atque F se resat ramfica to
361 4196 1220 4267 COTTFRED VILTIEII LEIBNIZ BIBLIOTHIER
4317 4198 4828 4279 Sionatos. 111 36. 1. 1. 1131. 1221
351 4274 1220 4341 NIEDERSACHSISCHELANDESBIBLIOTHEN
4600 169 4696 238 do
