<?xml version="1.0" encoding="UTF-8"  standalone="yes"?>
<PcGts xmlns="http://schema.primaresearch.org/PAGE/gts/pagecontent/2019-07-15" xmlns:xsi="http://www.w3.org/2001/XMLSchema-instance" xsi:schemaLocation="http://schema.primaresearch.org/PAGE/gts/pagecontent/2019-07-15 http://schema.primaresearch.org/PAGE/gts/pagecontent/2019-07-15/pagecontent.xsd">
  <Metadata>
	<Creator>escriptorium</Creator>
	<Created>2026-01-14T16:10:00.891906+00:00</Created>
        <LastChange>2026-01-14T16:10:00.891940+00:00</LastChange>

  </Metadata>
  <Page imageFilename="LH_35_1_2_14r.jpg" imageWidth="4581" imageHeight="4196">

    
    <TextRegion id="r4"  custom="structure {type:MainZone;}">
      <Coords points="2253,457 2253,530 2264,652 2265,804 2268,805 2270,904 2277,1025 2277,1111 2288,1309 2287,1370 2282,1385 2279,1418 2275,1427 2274,1507 2283,1607 2287,1623 2287,1698 2282,1724 2281,1823 2293,1920 2287,2018 2280,2240 2280,2552 2285,2646 2287,2784 2292,2854 2289,2972 2294,3113 2297,3114 2299,3146 2316,3210 2320,3267 2318,3530 2322,3558 2333,3572 2347,3582 2355,3584 2394,3572 2437,3571 2438,3568 2471,3566 2721,3566 2736,3564 2778,3544 2820,3541 2941,3524 3036,3524 3103,3530 3222,3532 3330,3524 3337,3520 3365,3517 3386,3510 3398,3505 3414,3489 3421,3487 3434,3476 3452,3452 3459,3436 3487,3422 3506,3401 3516,3357 3506,3322 3502,3319 3493,3281 3494,3239 3500,3204 3505,3200 3522,3162 3533,3146 3540,3122 3557,3100 3575,3065 3577,3054 3599,3021 3616,2976 3622,2935 3616,2917 3609,2905 3591,2887 3549,2867 3530,2849 3515,2803 3500,2778 3488,2736 3498,2711 3500,2698 3505,2694 3521,2648 3528,2617 3530,2587 3533,2586 3536,2553 3541,2538 3552,2525 3565,2501 3599,2467 3603,2456 3606,2432 3609,2431 3609,2415 3606,2414 3605,2402 3605,2345 3622,2310 3633,2302 3679,2254 3859,2260 3875,2258 3876,2255 3921,2248 3950,2248 3951,2245 4096,2248 4097,2245 4132,2239 4160,2238 4270,2260 4304,2229 4338,2210 4339,2156 4314,2147 4303,2141 4235,2130 4162,2127 4005,2131 3932,2136 3805,2137 3688,2129 3660,2122 3648,2115 3641,2092 3638,2034 3634,2027 3628,1993 3623,1985 3611,1922 3611,1794 3605,1754 3592,1713 3582,1694 3577,1691 3563,1659 3558,1656 3542,1610 3539,1564 3547,1490 3548,1426 3552,1404 3440,1354 3374,1303 3386,1187 3420,1138 3470,1105 3495,1064 3530,1057 3591,1060 3619,1055 3669,1056 3747,1048 3748,1045 3886,1043 3953,1033 4012,1033 4029,1039 4097,1049 4109,1048 4110,1045 4136,1044 4176,1027 4225,1020 4226,1017 4251,1060 4322,1035 4349,1014 4372,1001 4384,985 4408,878 4408,862 4413,842 4412,828 4402,806 4388,790 4343,775 4201,801 3912,791 3487,821 3472,656 4084,648 4219,615 4218,562 4213,537 4210,535 4208,524 4193,508 4179,502 4116,503 4054,508 4043,512 3990,516 3925,526 3885,527 3883,530 3874,531 3776,536 3738,532 3729,530 3728,527 3706,524 3652,522 3590,540 3546,507 3548,419 3540,412 3534,390 3530,387 3527,373 3523,368 3505,306 3501,304 3486,246 3465,213 3452,181 3440,162 3435,160 3423,139 3411,131 3371,127 3355,117 3341,114 3340,111 3249,85 3124,77 2979,79 2794,68 2657,67 2593,73 2585,77 2551,80 2491,91 2411,91 2353,85 2321,92 2309,98 2299,109 2288,136 2279,210 2275,221 2269,343 2268,352 2265,353"/>
      
      
      <TextLine id="eSc_line_bd89b09b" custom="structure {type:default;}">
        <Coords points="3161,88 3148,79 3124,77 3122,77 3105,95 2988,102 2967,102 2907,79 2904,79 2902,79 2900,79 2897,79 2897,81 2881,95 2837,83 2834,83 2832,83 2830,83 2753,114 2746,118 2646,121 2643,121 2601,97 2599,97 2597,97 2594,97 2592,97 2562,125 2557,128 2545,125 2450,107 2447,107 2314,114 2298,139 2303,181 2303,214 2753,172 2846,172 2869,186 2872,186 2874,186 2876,186 2879,186 2881,186 2946,167 2991,179 2993,179 2995,179 2998,179 3000,179 3000,177 3016,165 3033,177 3035,177 3037,177 3040,177 3091,174 3093,174 3095,174 3161,151 3277,163 3277,121 3274,92 3249,85 3170,80"/>
        <Baseline points="2303,181 3277,121"/>
        <TextEquiv conf="0.9754487480436053">
          <Unicode>Recta ab uno trianguli angulo usque</Unicode>
        </TextEquiv>
      </TextLine>

      
      
      <TextLine id="eSc_line_b17cd8bf" custom="structure {type:default;}">
        <Coords points="2298,305 2347,284 2375,293 2377,293 2380,293 2382,293 2429,272 2466,282 2468,282 2471,282 2473,282 2517,268 2555,277 2557,277 2559,277 2618,265 2639,282 2639,284 2641,284 2643,284 2646,284 2711,284 2781,282 2783,282 2792,279 2874,258 2923,272 2925,272 2928,272 3047,268 3049,268 3051,268 3051,265 3100,235 3280,233 3333,251 3338,214 3329,146 3275,163 3212,163 3200,151 3191,144 3191,142 3189,142 3186,142 3184,142 3182,142 3179,142 3165,153 3149,165 3072,170 3047,158 3028,151 3026,151 3023,151 2958,163 2944,165 2939,163 2921,156 2918,156 2916,156 2914,156 2911,156 2895,165 2860,188 2687,195 2646,177 2632,172 2629,172 2627,172 2473,179 2471,179 2440,186 2403,198 2389,188 2382,184 2380,184 2377,184 2375,184 2373,184 2370,184 2361,191 2347,198 2289,195 2293,261"/>
        <Baseline points="2293,261 3128,214 3338,214"/>
        <TextEquiv conf="0.9815873399376869">
          <Unicode>ad basiu ducta, quae latus non est, tota</Unicode>
        </TextEquiv>
      </TextLine>

      
      
      <TextLine id="eSc_line_01b4ad9c" custom="structure {type:default;}">
        <Coords points="2287,363 2382,365 2384,365 2387,365 2389,365 2398,358 2415,349 2459,356 2482,361 2485,361 2517,354 2601,338 2697,347 2725,349 2727,349 2729,349 2739,345 2771,331 2855,340 2876,342 2879,342 2881,342 2883,342 2883,340 2886,340 2900,321 3033,317 3067,333 3070,333 3072,333 3074,333 3091,331 3193,312 3226,326 3228,326 3231,326 3233,326 3249,324 3350,307 3364,319 3366,319 3368,319 3371,319 3464,314 3464,289 3459,249 3359,251 3301,235 3298,235 3296,235 3184,258 3135,240 3133,240 3130,240 3081,242 3079,242 3077,242 3040,265 3040,268 3035,268 2916,268 2886,251 2883,251 2881,251 2792,256 2790,256 2788,256 2755,279 2753,279 2687,261 2685,261 2683,261 2680,261 2634,284 2629,286 2611,286 2534,277 2531,277 2529,277 2527,277 2508,289 2508,291 2506,289 2496,282 2494,282 2492,282 2489,282 2415,293 2412,293 2410,293 2338,277 2335,277 2333,277 2284,296 2287,335"/>
        <Baseline points="2287,335 3217,289 3464,289"/>
        <TextEquiv conf="0.9772488866001368">
          <Unicode>intra Triangulum cadit. Nam quia</Unicode>
        </TextEquiv>
      </TextLine>

      
      
      <TextLine id="eSc_line_608288bc" custom="structure {type:default;}">
        <Coords points="2289,442 2347,433 2361,440 2375,447 2377,447 2380,447 2485,442 2487,442 2534,428 2576,417 2639,421 2729,428 2732,428 2734,428 2771,412 2783,407 2816,410 2939,417 2942,417 2944,417 2946,417 2974,398 2977,396 2981,398 3009,405 3012,405 3014,405 3086,389 3105,386 3114,389 3163,403 3165,403 3168,403 3319,372 3322,354 3317,317 3263,305 3261,305 3259,305 3256,305 3245,314 3226,300 3226,298 3224,298 3221,298 3219,298 3126,310 3123,310 3121,310 3095,328 3093,328 3037,314 3035,314 3033,314 3030,314 3028,314 3000,333 2998,335 2888,340 2855,324 2853,324 2774,324 2771,324 2676,331 2673,331 2671,331 2671,333 2648,354 2646,354 2632,354 2335,349 2333,349 2331,349 2284,370 2289,419"/>
        <Baseline points="2289,419 2592,391 3322,354"/>
        <TextEquiv conf="0.9665207021376666">
          <Unicode>ab angulo educitur u punctum habet</Unicode>
        </TextEquiv>
      </TextLine>

      
      
      <TextLine id="eSc_line_3bd0842f" custom="structure {type:default;}">
        <Coords points="2310,498 2342,510 2345,510 2347,510 2349,510 2422,491 2433,489 2440,491 2475,501 2478,501 2480,501 2482,501 2515,484 2524,482 2543,484 2608,491 2611,491 2613,491 2615,491 2632,477 2634,475 2643,477 2690,487 2692,487 2694,487 2697,487 2697,484 2711,473 2755,482 2757,482 2760,482 2802,466 2806,466 2811,466 2865,475 2867,475 2869,475 2872,475 2872,473 2874,473 2883,461 2886,459 2928,459 3116,459 3119,459 3200,440 3224,435 3263,435 3399,440 3401,440 3403,440 3468,421 3468,403 3461,358 3326,379 3277,372 3235,365 3233,365 3231,365 3228,365 3228,368 3219,377 3207,386 3158,382 3100,375 3098,375 3095,375 3093,375 3093,377 3081,386 3072,396 3037,391 2977,382 2974,382 2972,382 2928,400 2904,407 2874,403 2802,393 2799,393 2687,419 2660,424 2655,421 2634,405 2632,405 2629,405 2627,405 2520,412 2517,412 2480,433 2305,447 2310,480"/>
        <Baseline points="2310,480 3468,403"/>
        <TextEquiv conf="0.998853665131789">
          <Unicode>cum quolibet angulum facientium commune</Unicode>
        </TextEquiv>
      </TextLine>

      
      
      <TextLine id="eSc_line_497cfd61" custom="structure {type:default;}">
        <Coords points="2307,585 2450,585 2450,582 2452,582 2468,575 2503,557 2578,568 2608,573 2611,573 2613,573 2629,566 2673,547 2778,550 2781,550 2783,550 2785,550 2806,536 2865,547 2867,547 2869,547 2872,547 2897,531 2937,540 2939,540 2942,540 2944,540 2991,524 3037,538 3040,538 3042,538 3044,538 3067,526 3163,538 3175,538 3177,538 3179,538 3182,538 3182,536 3210,510 3291,505 3338,526 3340,526 3343,526 3345,526 3389,505 3413,522 3415,522 3417,522 3420,522 3482,519 3480,466 3468,414 3431,440 3289,445 3266,431 3261,426 3259,426 3256,426 3254,426 3210,428 3135,433 3133,433 3105,442 3058,461 2998,452 2946,445 2944,445 2855,463 2785,480 2641,482 2639,480 2627,470 2627,468 2625,468 2622,468 2620,468 2618,468 2615,468 2615,470 2601,482 2601,484 2599,484 2576,475 2573,475 2571,475 2506,491 2482,496 2473,494 2429,477 2426,477 2424,477 2422,477 2419,477 2391,498 2391,501 2389,501 2359,489 2356,489 2354,489 2352,489 2300,505 2305,538"/>
        <Baseline points="2305,538 3480,466"/>
        <TextEquiv conf="0.9726416497695737">
          <Unicode>si jam et punctum habet cum basi communes</Unicode>
        </TextEquiv>
      </TextLine>

      
      
      <TextLine id="eSc_line_ec89a802" custom="structure {type:default;}">
        <Coords points="2289,650 2471,641 2473,641 2576,608 2653,631 2655,631 2657,631 2660,631 2706,608 2802,608 2804,608 2806,608 2809,608 2825,596 2883,615 2886,615 2888,615 2890,615 2991,587 3033,601 3035,601 3037,601 3040,601 3042,601 3074,580 3191,587 3193,587 3196,587 3198,587 3214,575 3242,592 3245,592 3247,592 3249,592 3252,592 3282,566 3387,564 3471,585 3475,545 3471,508 3427,508 3403,491 3401,491 3399,491 3396,491 3394,491 3312,515 3238,501 3235,501 3196,503 3193,503 3191,503 3191,505 3189,505 3177,519 3151,508 3149,508 3147,508 3144,508 3142,508 3119,522 3070,510 3067,510 3065,510 3063,510 2981,533 2902,519 2900,519 2897,519 2851,540 2739,529 2736,529 2557,557 2496,543 2494,543 2492,543 2489,543 2445,564 2412,552 2410,552 2408,552 2405,552 2403,552 2382,568 2284,573 2287,608"/>
        <Baseline points="2287,608 3074,559 3475,545"/>
        <TextEquiv conf="0.9910090434841994">
          <Unicode>ergo gum quolibet Tianguli lntere punctum</Unicode>
        </TextEquiv>
      </TextLine>

      
      
      <TextLine id="eSc_line_5a94ca8c" custom="structure {type:default;}">
        <Coords points="4096,531 4086,531 4065,536 4049,554 4026,559 4002,561 3979,564 3956,568 3932,571 3911,573 3888,575 3865,575 3839,573 3816,573 3793,571 3769,571 3746,568 3723,568 3699,566 3676,566 3655,564 3590,573 3569,575 3564,575 3515,554 3513,554 3510,554 3508,554 3452,571 3382,559 3380,559 2921,587 2918,587 2886,601 2851,592 2848,592 2846,592 2844,592 2790,620 2788,620 2776,620 2713,615 2711,615 2660,627 2636,631 2629,629 2611,615 2608,615 2606,615 2604,615 2503,636 2464,643 2450,638 2398,620 2396,620 2394,620 2391,620 2389,620 2349,643 2340,650 2305,648 2307,690 2312,738 2356,715 2422,722 2424,722 2426,722 2538,687 2648,694 2650,694 2653,694 2655,694 2655,692 2669,680 2694,690 2697,690 2699,690 2774,673 2823,690 2825,690 2827,690 2830,690 2883,666 3040,676 3042,676 3044,676 3047,676 3084,652 3284,645 3338,664 3373,678 3375,678 3378,678 3472,659 3472,656 3490,656 3494,655 3611,629 3676,641 3743,652 3813,652 4126,631 4128,631 4182,603 4182,575 4177,540 4133,531 4119,531"/>
        <Baseline points="2307,690 2701,652 3308,615 3704,606 4182,575"/>
        <TextEquiv conf="0.9711825726208864">
          <Unicode>aliquod commune habet. Ergoanter inter angulum et basm</Unicode>
        </TextEquiv>
      </TextLine>

      
      
      <TextLine id="eSc_line_1938dc87" custom="structure {type:default;}">
        <Coords points="2335,778 2412,748 2548,743 2580,762 2583,762 2585,762 2587,762 2590,762 2592,762 2592,759 2615,736 2676,734 2750,752 2753,752 2755,752 2785,750 2848,743 2851,743 2853,743 2853,741 2874,722 2935,741 2937,741 2939,741 2942,741 2944,741 2963,727 2979,738 2981,738 2984,738 2986,738 3063,734 3065,734 3070,734 3109,717 3130,729 3133,729 3135,729 3137,729 3140,729 3142,729 3179,703 3203,720 3205,720 3207,720 3210,720 3212,720 3261,706 3273,717 3275,717 3277,717 3280,717 3282,717 3338,697 3361,715 3368,680 3359,629 3284,648 3233,638 3219,636 3217,636 3214,636 3212,636 3212,638 3210,638 3210,641 3198,652 3135,645 3107,643 3105,643 3102,643 3100,643 3100,645 3098,645 3095,648 3088,659 3021,664 2979,657 2944,652 2942,652 2939,652 2918,662 2900,671 2876,664 2853,659 2851,659 2848,659 2846,659 2844,659 2832,669 2823,676 2755,676 2650,676 2648,676 2585,687 2559,692 2552,690 2527,678 2524,678 2522,678 2328,706 2333,743"/>
        <Baseline points="2333,743 3368,680"/>
        <TextEquiv conf="0.9920229528631482">
          <Unicode>ingerveniat, hiangulo egredi</Unicode>
        </TextEquiv>
      </TextLine>

      
      
      <TextLine id="eSc_line_16e01eff" custom="structure {type:default;}">
        <Coords points="3459,706 3452,690 3394,708 3343,687 3340,687 3338,687 3233,697 3231,697 3154,724 3126,703 3123,703 3121,703 3119,703 3116,703 3049,731 2970,713 2967,713 2965,713 2930,729 2897,720 2895,720 2893,720 2890,720 2888,720 2888,722 2860,745 2851,745 2667,743 2664,743 2662,743 2608,762 2527,743 2524,743 2466,748 2464,748 2461,748 2461,750 2459,750 2440,773 2440,776 2296,783 2300,822 2300,848 2527,834 2529,834 2611,811 2660,825 2662,825 2664,825 2811,797 2874,806 2876,806 3016,783 3067,790 3070,790 3072,790 3074,790 3074,787 3086,778 3182,790 3184,790 3186,790 3189,790 3235,769 3385,757 3401,769 3403,769 3406,769 3408,769 3482,767 3477,714"/>
        <Baseline points="2300,822 2949,764 3480,743"/>
        <TextEquiv conf="0.9530134341296028">
          <Unicode>non potest, nam alibitum eu ad est</Unicode>
        </TextEquiv>
      </TextLine>

      
      
      <TextLine id="eSc_line_8f30c9e8" custom="structure {type:default;}">
        <Coords points="3443,755 3440,755 3438,755 3436,755 3396,771 3378,757 3375,757 3373,757 3371,757 3368,757 3287,787 3284,787 3212,766 3210,766 3207,766 3205,766 3203,766 3161,792 3091,773 3088,773 3086,773 2993,792 2942,783 2939,783 2937,783 2935,783 2911,801 2890,785 2888,785 2886,785 2883,785 2760,792 2757,792 2755,792 2715,815 2613,813 2611,813 2608,813 2557,829 2503,813 2501,813 2499,813 2310,843 2314,890 2314,904 2548,899 2550,899 2573,892 2615,878 2648,888 2669,892 2671,892 2673,892 2676,892 2699,885 2762,862 2804,862 2823,876 2830,883 2832,883 2834,883 2837,883 2839,883 2865,874 2925,853 3033,864 3084,869 3086,869 3088,869 3091,869 3105,860 3135,841 3200,850 3203,850 3205,850 3259,834 3291,848 3294,848 3296,848 3303,848 3371,834 3389,843 3401,848 3403,848 3406,848 3408,848 3410,848 3420,841 3438,829 3480,836 3503,841 3506,841 3508,841 3522,834 3555,818 3741,820 3746,818 3745,803 3487,821 3482,765"/>
        <Baseline points="2314,890 2769,839 2972,827 3454,806 3486,807"/>
        <TextEquiv conf="0.5067763812839985">
          <Unicode>ita e spradu</Unicode>
        </TextEquiv>
      </TextLine>

      
      
      <TextLine id="eSc_line_a53c37b7" custom="structure {type:default;}">
        <Coords points="2312,974 2492,965 2494,965 2496,965 2499,962 2543,934 2620,953 2632,955 2634,955 2636,955 2646,951 2706,923 2879,932 2881,932 2883,932 2886,932 2923,909 2970,920 2972,920 2974,920 2977,920 3028,902 3142,909 3144,909 3247,890 3284,902 3298,906 3301,906 3303,906 3305,906 3308,906 3317,899 3347,881 3385,895 3394,897 3396,897 3399,897 3454,888 3454,867 3445,811 3333,836 3256,825 3231,822 3228,822 3226,822 3224,822 3217,829 3189,848 3142,848 3128,836 3128,834 3126,834 3123,834 3121,834 3119,834 3105,839 3040,855 3019,846 3005,839 3002,839 3000,839 2909,843 2907,843 2876,857 2860,862 2825,860 2732,855 2729,855 2727,855 2725,855 2725,857 2722,857 2713,869 2713,871 2708,869 2690,864 2687,864 2685,864 2683,864 2680,864 2667,874 2657,878 2646,876 2613,864 2611,864 2608,864 2606,864 2566,881 2550,890 2307,902 2312,948"/>
        <Baseline points="2312,948 2783,895 3454,867"/>
        <TextEquiv conf="0.9671439658850431">
          <Unicode>cum eo aliquo laterum duo puncta</Unicode>
        </TextEquiv>
      </TextLine>

      
      
      <TextLine id="eSc_line_57b7821d" custom="structure {type:default;}">
        <Coords points="3480,916 3254,918 3242,920 3219,920 3196,923 3172,925 3149,927 3126,927 3102,930 3084,930 3056,937 3042,934 3033,934 3030,930 3009,927 3012,969 3012,990 3095,1002 3098,1002 3100,1002 3102,1002 3102,1000 3114,990 3121,983 3140,988 3172,997 3175,997 3177,997 3235,988 3310,974 3331,986 3340,990 3343,990 3345,990 3347,990 3368,986 3399,976 3508,981 3510,946 3508,941 3499,944"/>
        <Baseline points="3012,969 3510,946"/>
        <TextEquiv conf="0.9259185691674551">
          <Unicode>ad basm  ita ut</Unicode>
        </TextEquiv>
      </TextLine>

      
      
      <TextLine id="eSc_line_23281db1" custom="structure {type:default;}">
        <Coords points="4382,804 4317,785 4315,785 4312,785 4310,785 4308,785 4268,815 4239,794 4201,801 4183,800 4161,806 4123,798 4104,798 3942,808 3939,808 3937,808 3904,836 3869,813 3867,813 3865,813 3862,813 3860,813 3823,829 3790,820 3788,820 3786,820 3783,820 3781,820 3781,822 3760,841 3667,834 3664,834 3662,834 3660,834 3639,848 3627,839 3625,839 3622,839 3620,839 3618,839 3615,839 3604,878 3583,890 3566,853 3543,848 3541,848 3538,848 3536,848 3536,850 3534,850 3529,860 3506,853 3503,853 3501,853 3499,853 3496,853 3475,869 3394,869 3394,871 3389,871 3371,871 3347,871 3324,874 3322,874 3315,878 3224,876 3207,878 3184,878 3177,878 3100,892 3088,883 3086,883 3084,883 3081,883 3079,883 3021,897 3026,934 3028,960 3217,937 3249,948 3263,953 3282,953 3294,953 3319,946 3380,927 3396,941 3403,946 3422,946 3445,946 3468,944 3478,937 3503,920 3653,920 3655,920 3657,920 3692,906 3725,918 3727,918 3730,918 3732,918 3762,902 3851,913 3853,913 3928,911 4079,906 4082,906 4084,906 4086,904 4124,876 4189,874 4212,888 4214,888 4217,888 4219,888 4401,885 4401,862 4396,820 4394,818"/>
        <Baseline points="3026,934 3811,876 4235,857 4401,862"/>
        <TextEquiv conf="0.9699758838634102">
          <Unicode>anum superest, quod potest extra riangulu tendere</Unicode>
        </TextEquiv>
      </TextLine>

      
      
      <TextLine id="eSc_line_92009252" custom="structure {type:default;}">
        <Coords points="4331,878 4322,878 4303,906 4280,906 4256,906 4233,906 4210,911 4187,911 4163,911 4140,911 4117,911 4093,911 4070,911 4047,911 4023,911 4000,911 3977,911 3953,925 3930,923 3907,925 3883,923 3860,920 3837,918 3814,916 3790,913 3767,913 3744,911 3737,904 3611,909 3604,923 3580,925 3557,930 3559,946 3562,976 3615,962 3748,965 3865,967 3867,967 3869,967 3872,967 3872,965 3883,955 3888,951 3900,955 3928,965 3930,965 3932,965 3935,965 3995,951 4065,958 4068,958 4070,958 4107,941 4121,937 4131,941 4163,953 4166,953 4168,953 4170,953 4173,953 4173,951 4191,937 4191,934 4259,930 4266,932 4289,941 4291,941 4294,941 4296,941 4354,925 4354,906 4350,881"/>
        <Baseline points="3559,946 4354,906"/>
        <TextEquiv conf="0.9893896476975803">
          <Unicode>triangulum, circum eat, e hoc</Unicode>
        </TextEquiv>
      </TextLine>

      
      
      <TextLine id="eSc_line_486ea21f" custom="structure {type:default;}">
        <Coords points="2335,1037 2429,1018 2475,1030 2485,1030 2487,1030 2517,1025 2662,1004 2734,1011 2753,1014 2755,1014 2757,1014 2760,1014 2764,1011 2785,997 2818,1007 2827,1009 2830,1009 2832,1009 2949,997 2949,967 2946,934 2904,911 2902,911 2900,911 2897,911 2895,911 2827,930 2783,916 2781,916 2778,916 2676,923 2673,923 2615,953 2613,953 2606,953 2541,944 2538,944 2536,944 2534,944 2515,958 2513,958 2496,948 2494,948 2492,948 2489,948 2487,948 2473,960 2471,962 2328,965 2333,1002"/>
        <Baseline points="2333,1002 2949,967"/>
        <TextEquiv conf="0.9963278360664845">
          <Unicode>communia haberet</Unicode>
        </TextEquiv>
      </TextLine>

      
      
      <TextLine id="eSc_line_1ec4c409" custom="structure {type:default;}">
        <Coords points="4326,916 4324,916 4322,916 4319,916 4282,932 4105,923 4103,923 4100,923 4030,944 3991,934 3988,934 3986,934 3932,946 3909,932 3907,932 3904,932 3902,932 3900,932 3897,932 3897,934 3895,934 3883,948 3825,937 3823,937 3820,937 3818,937 3818,939 3816,939 3807,951 3758,941 3755,941 3753,941 3751,941 3751,944 3739,953 3615,944 3606,944 3557,955 3545,974 3548,997 3548,1037 3683,1046 3685,1046 3688,1046 3690,1046 3709,1035 3718,1025 3727,1032 3741,1044 3744,1044 3746,1044 3748,1044 3876,1039 3879,1039 3881,1039 3881,1037 3890,1028 3907,1011 4019,1018 4021,1018 4077,1007 4096,1023 4098,1023 4098,1025 4100,1025 4103,1025 4105,1025 4107,1025 4117,1023 4177,1002 4242,1014 4245,1014 4247,1014 4273,1000 4289,1016 4289,1018 4291,1018 4294,1018 4336,1021 4338,1021 4340,1021 4349,1014 4364,1006 4366,1004 4366,1004 4372,1001 4384,985 4385,982 4387,965 4385,941 4375,930"/>
        <Baseline points="3548,997 3827,979 4387,965"/>
        <TextEquiv conf="0.9448051360146753">
          <Unicode>fieri non posse demonstraadun</Unicode>
        </TextEquiv>
      </TextLine>

      
      
      <TextLine id="eSc_line_ed72e2f9" custom="structure {type:default;}">
        <Coords points="2324,1095 2359,1109 2361,1109 2363,1109 2454,1093 2524,1097 2527,1097 2529,1097 2559,1086 2571,1081 2618,1083 2715,1088 2718,1088 2834,1074 2963,1058 3189,1058 3189,1055 3191,1055 3193,1055 3193,1053 3196,1053 3203,1044 3392,1049 3392,1007 3378,962 3366,972 3345,965 3324,958 3322,958 3319,958 3233,962 3231,962 3228,962 3228,965 3226,965 3221,972 3212,983 3179,983 3149,976 3112,969 3109,969 3107,969 3105,969 3105,972 3102,972 3098,981 3093,986 2874,1002 2853,997 2818,988 2816,988 2813,988 2811,988 2769,1002 2755,1007 2732,1004 2636,997 2634,997 2632,997 2629,997 2629,1000 2615,1014 2613,1018 2515,1023 2501,1021 2438,1009 2436,1009 2319,1032 2324,1074"/>
        <Baseline points="2324,1074 2881,1035 3326,1018 3392,1007"/>
        <TextEquiv conf="0.988959822584601">
          <Unicode>Linea intra figuram cadere dicitur</Unicode>
        </TextEquiv>
      </TextLine>

      
      
      <TextLine id="eSc_line_861bfb0b" custom="structure {type:default;}">
        <Coords points="2319,1184 2429,1179 2431,1179 2433,1179 2468,1160 2487,1174 2489,1174 2492,1174 2494,1174 2653,1165 2655,1165 2657,1165 2664,1160 2692,1142 2797,1139 2806,1149 2811,1151 2811,1153 2813,1153 2816,1153 2818,1153 2820,1153 2837,1146 2862,1132 2932,1130 2946,1137 2953,1144 2956,1144 2958,1144 2960,1144 3026,1130 3067,1123 3072,1128 3084,1137 3086,1137 3088,1137 3091,1137 3093,1137 3119,1123 3126,1121 3149,1121 3240,1128 3242,1128 3277,1125 3280,1125 3282,1125 3282,1123 3296,1109 3298,1104 3380,1102 3382,1083 3375,1042 3291,1046 3289,1046 3247,1032 3245,1032 3242,1032 3240,1032 3238,1032 3217,1051 3214,1053 3212,1051 3189,1039 3186,1039 3184,1039 3182,1039 3149,1055 3142,1058 3128,1055 3035,1044 3033,1044 2886,1053 2883,1053 2881,1053 2858,1069 2816,1058 2813,1058 2811,1058 2667,1086 2615,1072 2613,1072 2611,1072 2608,1072 2606,1072 2573,1093 2571,1095 2314,1109 2319,1156"/>
        <Baseline points="2319,1156 2743,1114 3382,1083"/>
        <TextEquiv conf="0.9863182802995046">
          <Unicode>quae non es tadit  mbitum ejus</Unicode>
        </TextEquiv>
      </TextLine>

      
      
      <TextLine id="eSc_line_387e4337" custom="structure {type:default;}">
        <Coords points="2328,1249 2405,1247 2408,1247 2410,1247 2410,1244 2440,1214 2496,1209 2592,1207 2613,1223 2615,1223 2618,1223 2620,1223 2722,1212 2781,1226 2783,1226 2785,1226 2788,1226 2790,1226 2790,1223 2809,1207 2820,1214 2823,1214 2825,1214 2827,1214 2830,1214 2832,1214 2869,1191 2967,1214 2970,1214 2972,1214 2974,1214 3014,1191 3072,1209 3074,1209 3077,1209 3079,1209 3161,1181 3366,1193 3368,1156 3364,1104 3284,1097 3282,1097 3280,1097 3249,1111 3231,1118 3212,1114 3184,1104 3182,1104 3179,1104 3091,1118 3079,1109 3077,1109 3074,1109 3072,1109 2981,1128 2946,1135 2928,1132 2872,1121 2869,1121 2867,1121 2820,1137 2701,1130 2699,1130 2697,1130 2648,1149 2643,1151 2625,1151 2506,1146 2503,1146 2501,1146 2499,1146 2478,1160 2475,1163 2324,1170 2328,1207"/>
        <Baseline points="2328,1207 3088,1160 3368,1156"/>
        <TextEquiv conf="0.9604799871643385">
          <Unicode>quae neu aubitus ejus pars est tudus</Unicode>
        </TextEquiv>
      </TextLine>

      
      
      <TextLine id="eSc_line_eb9476c3" custom="structure {type:default;}">
        <Coords points="2321,1312 2347,1321 2349,1321 2352,1321 2354,1321 2356,1321 2377,1305 2384,1300 2461,1296 2487,1298 2566,1307 2569,1307 2571,1307 2627,1289 2632,1286 2634,1286 2650,1300 2653,1300 2655,1300 2657,1300 2660,1300 2715,1286 2729,1298 2732,1298 2734,1298 2736,1298 2839,1293 2841,1293 2916,1268 2921,1265 2921,1268 2937,1279 2939,1279 2942,1279 2944,1282 3047,1282 3047,1279 3049,1279 3051,1279 3081,1256 3086,1251 3184,1247 3184,1221 3177,1174 3091,1193 3049,1184 3023,1179 3021,1179 3019,1179 2991,1188 2949,1202 2916,1195 2886,1188 2883,1188 2797,1195 2795,1195 2792,1195 2792,1198 2783,1205 2774,1214 2734,1209 2678,1202 2676,1202 2673,1202 2643,1216 2625,1226 2529,1230 2522,1226 2513,1219 2510,1219 2508,1219 2506,1219 2317,1242 2321,1279"/>
        <Baseline points="2321,1279 3184,1221"/>
        <TextEquiv conf="0.9992224488939557">
          <Unicode>omnia puncta sunt in figura.</Unicode>
        </TextEquiv>
      </TextLine>

      
      
      <TextLine id="eSc_line_2d9bb45a" custom="structure {type:default;}">
        <Coords points="2352,1426 2417,1431 2419,1431 2422,1431 2438,1421 2478,1400 2620,1394 2650,1412 2655,1414 2657,1414 2660,1414 2662,1414 2664,1414 2685,1410 2743,1394 2757,1405 2760,1407 2762,1407 2764,1407 2767,1407 2816,1403 2904,1391 2937,1396 2960,1398 2963,1398 2965,1398 2967,1398 2967,1396 2972,1394 2986,1380 3007,1387 3009,1387 3012,1387 3014,1387 3058,1366 3156,1361 3235,1361 3254,1377 3254,1380 3256,1380 3259,1380 3261,1380 3263,1380 3268,1377 3322,1354 3359,1373 3361,1328 3354,1272 3095,1296 3067,1284 3042,1272 3040,1272 3037,1272 3035,1272 2981,1289 2935,1300 2869,1293 2813,1286 2811,1286 2809,1286 2806,1286 2795,1296 2774,1314 2729,1321 2697,1321 2667,1300 2660,1296 2657,1296 2655,1296 2653,1296 2650,1296 2648,1296 2639,1303 2627,1310 2597,1305 2580,1303 2578,1303 2576,1303 2573,1303 2571,1305 2531,1331 2492,1314 2489,1314 2487,1314 2485,1314 2459,1326 2347,1317 2352,1387"/>
        <Baseline points="2352,1387 2932,1342 3361,1328"/>
        <TextEquiv conf="0.9915564809526716">
          <Unicode>Palis duabus rectis punctum commune</Unicode>
        </TextEquiv>
      </TextLine>

      
      
      <TextLine id="eSc_line_ce291476" custom="structure {type:default;}">
        <Coords points="2287,1501 2501,1491 2503,1491 2506,1491 2536,1470 2634,1484 2646,1484 2648,1484 2650,1484 2653,1484 2653,1482 2673,1463 2736,1477 2750,1480 2753,1480 2792,1477 2795,1477 2797,1477 2797,1475 2799,1475 2799,1473 2811,1461 2848,1468 2851,1468 2853,1468 2855,1468 2855,1466 2858,1466 2867,1454 2897,1468 2900,1468 2902,1468 2904,1468 2907,1468 2907,1466 2909,1466 2921,1452 2958,1452 2979,1463 2986,1468 2988,1468 2991,1468 2993,1468 2995,1468 2998,1468 2998,1466 3002,1461 3016,1449 3026,1459 3028,1459 3030,1459 3033,1459 3102,1449 3123,1454 3147,1461 3149,1461 3151,1461 3154,1461 3198,1449 3245,1438 3256,1447 3261,1452 3263,1452 3266,1452 3268,1452 3270,1452 3289,1445 3315,1435 3326,1442 3333,1447 3336,1447 3338,1447 3340,1447 3392,1438 3392,1412 3382,1356 3340,1370 3289,1361 3268,1359 3266,1359 3263,1359 3261,1359 3261,1361 3259,1361 3256,1363 3247,1377 3205,1377 3177,1368 3161,1363 3158,1363 3156,1363 2972,1373 2970,1373 2967,1373 2967,1375 2960,1382 2951,1389 2923,1384 2907,1382 2904,1382 2855,1389 2774,1398 2757,1394 2729,1384 2727,1384 2725,1384 2722,1384 2687,1398 2673,1403 2664,1400 2634,1389 2632,1389 2629,1389 2627,1389 2590,1403 2578,1407 2566,1405 2522,1396 2520,1396 2517,1396 2489,1410 2445,1398 2443,1398 2440,1398 2438,1398 2436,1398 2412,1414 2410,1414 2408,1414 2298,1405 2296,1405 2293,1405 2291,1405 2291,1407 2282,1414 2287,1463"/>
        <Baseline points="2287,1463 2925,1426 3392,1412"/>
        <TextEquiv conf="0.981910682038257">
          <Unicode>habentibus Si duae sint rectae punctum</Unicode>
        </TextEquiv>
      </TextLine>

      
      
      <TextLine id="eSc_line_440ebcdb" custom="structure {type:default;}">
        <Coords points="3359,1414 3345,1428 3324,1414 3310,1414 3266,1435 3238,1424 3235,1424 3233,1424 3149,1442 3147,1442 3088,1431 3086,1431 2991,1452 2939,1433 2937,1433 2935,1433 2932,1433 2902,1449 2874,1435 2872,1435 2869,1435 2867,1435 2865,1435 2823,1461 2720,1452 2718,1452 2715,1452 2669,1470 2629,1456 2627,1456 2625,1456 2622,1456 2578,1470 2534,1456 2531,1456 2529,1456 2527,1456 2524,1456 2487,1480 2373,1477 2370,1477 2305,1491 2310,1526 2310,1557 2438,1557 2440,1557 2452,1552 2480,1538 2517,1547 2534,1552 2536,1552 2538,1552 2576,1545 2608,1538 2664,1538 2736,1540 2739,1540 2741,1540 2743,1540 2743,1538 2746,1538 2748,1533 2760,1519 2785,1519 2825,1529 2841,1533 2844,1533 2846,1533 3063,1522 3065,1522 3095,1512 3149,1496 3522,1487 3522,1461 3517,1419 3471,1400 3468,1400 3466,1400 3375,1405 3375,1414"/>
        <Baseline points="2310,1526 3207,1470 3522,1461"/>
        <TextEquiv conf="0.9936951260234035">
          <Unicode>commune habentes tertia recta cum altrrutra</Unicode>
        </TextEquiv>
      </TextLine>

      
      
      <TextLine id="eSc_line_ed15cb8b" custom="structure {type:default;}">
        <Coords points="2314,1620 2478,1620 2478,1617 2480,1617 2503,1610 2541,1594 2655,1589 2685,1601 2687,1601 2690,1601 2692,1601 2704,1599 2764,1587 2813,1594 2832,1596 2834,1596 2837,1596 2844,1592 2872,1578 2981,1587 3005,1587 3007,1587 3009,1587 3016,1585 3051,1571 3070,1582 3072,1585 3074,1585 3077,1585 3079,1585 3081,1585 3091,1580 3123,1564 3151,1578 3154,1578 3156,1578 3158,1578 3161,1578 3161,1575 3163,1575 3175,1561 3212,1573 3214,1573 3217,1575 3228,1575 3291,1575 3291,1573 3294,1573 3296,1573 3298,1571 3317,1557 3422,1564 3424,1533 3420,1487 3203,1487 3200,1487 3198,1487 3161,1501 3144,1510 3014,1515 3007,1512 2998,1503 2995,1503 2993,1503 2991,1503 2988,1503 2986,1503 2986,1505 2984,1505 2977,1512 2974,1517 2953,1515 2911,1510 2909,1510 2907,1510 2904,1510 2895,1519 2890,1522 2872,1519 2781,1510 2778,1510 2776,1510 2734,1529 2727,1533 2564,1540 2557,1540 2492,1526 2489,1526 2487,1526 2485,1526 2461,1545 2461,1547 2310,1554 2314,1592"/>
        <Baseline points="2314,1592 2972,1550 3424,1533"/>
        <TextEquiv conf="0.9991649053990841">
          <Unicode>minimum punctum commune habebit.</Unicode>
        </TextEquiv>
      </TextLine>

      
      
      <TextLine id="eSc_line_0f43245b" custom="structure {type:default;}">
        <Coords points="3389,1571 3387,1571 3352,1552 3350,1552 3347,1552 3345,1552 3343,1552 3343,1554 3340,1554 3333,1566 3298,1554 3296,1554 3294,1554 3170,1561 3168,1561 3119,1578 3095,1587 3084,1580 3063,1566 3060,1566 3058,1566 3056,1566 2895,1580 2893,1580 2879,1587 2851,1599 2804,1589 2762,1580 2760,1580 2757,1580 2755,1580 2755,1582 2746,1592 2743,1594 2620,1596 2618,1596 2615,1596 2615,1599 2613,1599 2604,1610 2576,1596 2564,1592 2562,1592 2559,1592 2557,1592 2541,1596 2494,1615 2314,1606 2319,1659 2319,1680 2494,1678 2496,1678 2517,1692 2520,1692 2522,1692 2524,1692 2527,1692 2557,1676 2580,1664 2701,1669 2704,1669 2869,1650 2886,1664 2888,1664 2890,1664 2893,1664 2895,1664 2960,1648 2991,1664 3005,1671 3007,1671 3009,1671 3149,1666 3151,1666 3175,1657 3247,1631 3331,1652 3338,1655 3340,1655 3343,1655 3554,1645 3542,1610 3539,1566"/>
        <Baseline points="2319,1659 3240,1610 3406,1610 3547,1623"/>
        <TextEquiv conf="0.9971459538508685">
          <Unicode>si omnes quantum satis est producantur,</Unicode>
        </TextEquiv>
      </TextLine>

      
      
      <TextLine id="eSc_line_8d3c375b" custom="structure {type:default;}">
        <Coords points="2349,1743 2429,1752 2431,1752 2433,1752 2436,1752 2436,1750 2447,1741 2454,1732 2487,1732 2541,1739 2576,1741 2578,1741 2580,1741 2583,1741 2587,1736 2599,1729 2608,1736 2618,1743 2620,1743 2622,1743 2625,1743 2627,1743 2648,1734 2673,1722 2720,1732 2748,1736 2750,1736 2804,1729 2888,1715 2946,1722 2949,1685 2939,1641 2902,1652 2890,1643 2886,1638 2883,1638 2881,1638 2879,1638 2827,1641 2825,1641 2806,1645 2755,1662 2706,1650 2687,1648 2685,1648 2683,1648 2673,1652 2646,1666 2585,1657 2583,1657 2580,1657 2578,1657 2529,1673 2501,1659 2494,1657 2492,1657 2489,1657 2487,1657 2485,1657 2485,1659 2482,1659 2482,1662 2473,1671 2461,1662 2459,1662 2457,1662 2454,1662 2452,1662 2450,1662 2433,1676 2415,1664 2408,1662 2405,1662 2403,1662 2345,1666 2349,1715"/>
        <Baseline points="2349,1715 2949,1685"/>
        <TextEquiv conf="0.9843987145207145">
          <Unicode>et suit in eodem plano</Unicode>
        </TextEquiv>
      </TextLine>

      
      
      <TextLine id="eSc_line_5342d81c" custom="structure {type:default;}">
        <Coords points="3168,1715 3394,1718 3396,1694 3385,1643 3378,1650 3371,1643 3357,1631 3357,1629 3354,1629 3352,1629 3350,1629 3277,1631 3275,1631 3273,1631 3245,1650 3228,1659 3163,1657 3168,1701"/>
        <Baseline points="3168,1701 3396,1694"/>
        <TextEquiv conf="0.9139903247356415">
          <Unicode>miger fire</Unicode>
        </TextEquiv>
      </TextLine>

      
      
      <TextLine id="eSc_line_2a4ff25b" custom="structure {type:default;}">
        <Coords points="3359,1697 3354,1704 3275,1706 3259,1699 3242,1701 3219,1701 3203,1701 3189,1706 3175,1701 3172,1701 3170,1699 3149,1690 3147,1690 3144,1690 3142,1690 3116,1704 3086,1718 3009,1711 2986,1708 2984,1708 2981,1708 2979,1708 2974,1713 2960,1725 2930,1715 2895,1704 2893,1704 2890,1704 2888,1704 2886,1704 2865,1720 2853,1729 2834,1722 2830,1720 2827,1720 2825,1720 2823,1720 2820,1720 2818,1722 2806,1734 2778,1725 2736,1713 2734,1713 2732,1713 2729,1713 2727,1713 2701,1732 2683,1743 2613,1748 2578,1748 2571,1739 2555,1727 2555,1725 2552,1725 2550,1725 2548,1725 2433,1732 2431,1732 2389,1752 2384,1755 2377,1752 2345,1736 2342,1736 2340,1736 2338,1736 2335,1736 2310,1750 2314,1801 2319,1839 2359,1822 2380,1832 2382,1832 2384,1832 2552,1811 2662,1818 2667,1818 2669,1818 2671,1818 2711,1801 2781,1811 2785,1811 2788,1811 2799,1811 2946,1787 2979,1799 2981,1799 2984,1799 2986,1799 3142,1790 3156,1787 3266,1769 3324,1778 3331,1778 3333,1778 3345,1776 3431,1762 3536,1764 3536,1729 3529,1676 3385,1680 3382,1697"/>
        <Baseline points="2314,1801 3536,1729"/>
        <TextEquiv conf="0.9689944595098495">
          <Unicode>Recta ab uno hianguli angulo ad basin AD</Unicode>
        </TextEquiv>
      </TextLine>

      
      
      <TextLine id="eSc_line_14db287d" custom="structure {type:default;}">
        <Coords points="2321,1895 2408,1909 2410,1909 2412,1909 2489,1888 2501,1885 2510,1885 2583,1899 2585,1899 2587,1899 2627,1881 2634,1878 2648,1878 2729,1890 2732,1890 2902,1869 2937,1881 2939,1881 2942,1881 3086,1857 3123,1853 3140,1855 3179,1864 3182,1864 3266,1848 3287,1846 3294,1848 3324,1860 3326,1860 3329,1860 3331,1860 3380,1843 3389,1839 3597,1832 3599,1811 3594,1759 3524,1755 3522,1755 3520,1755 3503,1764 3489,1771 3478,1766 3450,1752 3447,1752 3445,1752 3205,1764 3203,1764 3200,1764 3200,1766 3184,1783 3179,1787 3151,1785 3091,1780 3088,1780 3086,1780 3084,1780 3084,1783 3074,1790 3072,1794 3065,1790 3033,1773 3030,1773 3028,1773 3026,1773 2953,1797 2939,1801 2930,1799 2876,1783 2874,1783 2872,1783 2869,1783 2867,1783 2867,1785 2865,1785 2851,1804 2848,1806 2837,1804 2799,1799 2797,1799 2795,1799 2767,1808 2762,1811 2760,1808 2739,1797 2736,1797 2734,1797 2732,1797 2639,1818 2632,1818 2629,1818 2597,1797 2594,1797 2592,1797 2590,1797 2543,1799 2541,1799 2494,1825 2431,1811 2429,1811 2426,1811 2424,1811 2424,1813 2403,1829 2342,1820 2340,1820 2338,1820 2335,1820 2317,1829 2321,1874"/>
        <Baseline points="2321,1874 3170,1825 3599,1811"/>
        <TextEquiv conf="0.9895302666859194">
          <Unicode>ducta tota intrae triangulum radit AEd cadit</Unicode>
        </TextEquiv>
      </TextLine>

      
      
      <TextLine id="eSc_line_16ecc237" custom="structure {type:default;}">
        <Coords points="2520,1969 2522,1969 2524,1969 2583,1948 2597,1944 2608,1946 2650,1958 2653,1958 2655,1958 2790,1951 2792,1951 2795,1951 2830,1930 2832,1927 2956,1918 2956,1902 2946,1848 2881,1874 2820,1876 2799,1860 2797,1860 2795,1860 2792,1860 2790,1860 2739,1881 2692,1867 2687,1867 2685,1867 2683,1867 2680,1867 2673,1869 2615,1890 2536,1878 2522,1878 2520,1878 2471,1883 2468,1883 2466,1883 2466,1885 2445,1902 2321,1897 2326,1946 2326,1967"/>
        <Baseline points="2326,1946 2956,1902"/>
        <TextEquiv conf="0.9507553035562689">
          <Unicode>hoc fallie, ostendemus</Unicode>
        </TextEquiv>
      </TextLine>

      
      
      <TextLine id="eSc_line_2800aa27" custom="structure {type:default;}">
        <Coords points="2363,2051 2426,2049 2429,2049 2475,2023 2538,2042 2543,2042 2545,2042 2548,2042 2550,2042 2559,2039 2611,2025 2641,2032 2648,2035 2650,2035 2653,2035 2655,2035 2657,2035 2660,2032 2685,2011 2778,2023 2806,2025 2809,2025 2811,2025 2813,2025 2820,2021 2851,2000 2949,2009 2988,2014 2991,2014 2993,2014 2995,2014 3007,2007 3035,1988 3198,1990 3214,1990 3217,1990 3219,1990 3226,1988 3282,1974 3305,1983 3317,1988 3319,1988 3322,1988 3324,1988 3350,1979 3378,1972 3392,1976 3422,1986 3424,1986 3427,1986 3429,1986 3431,1986 3447,1972 3452,1969 3457,1972 3461,1976 3464,1976 3466,1976 3468,1976 3564,1962 3564,1944 3557,1902 3520,1902 3480,1878 3478,1878 3475,1878 3473,1878 3471,1878 3468,1878 3431,1909 3429,1909 3338,1888 3336,1888 3172,1909 3102,1902 3100,1902 3098,1902 3095,1902 3056,1932 3056,1934 2956,1939 2923,1913 2921,1913 2918,1913 2916,1913 2841,1918 2839,1918 2783,1941 2764,1934 2762,1934 2760,1934 2757,1934 2755,1934 2755,1937 2753,1937 2741,1953 2657,1958 2587,1934 2585,1934 2583,1934 2580,1934 2578,1934 2543,1967 2468,1969 2415,1953 2412,1953 2410,1953 2408,1953 2359,1974 2363,2014"/>
        <Baseline points="2363,2014 3123,1958 3564,1944"/>
        <TextEquiv conf="0.9765453352169557">
          <Unicode>ejus punctum ut F cadere C intra Triangulum.</Unicode>
        </TextEquiv>
      </TextLine>

      
      
      <TextLine id="eSc_line_b08aef17" custom="structure {type:default;}">
        <Coords points="2326,2107 2354,2102 2354,2079 2345,2014 2319,2018 2326,2081"/>
        <Baseline points="2326,2081 2354,2079"/>
        <TextEquiv conf="0.9750093221664429">
          <Unicode>i</Unicode>
        </TextEquiv>
      </TextLine>

      
      
      <TextLine id="eSc_line_b845b59c" custom="structure {type:default;}">
        <Coords points="3508,1946 3506,1946 3457,1967 3392,1953 3389,1953 3312,1969 3242,1962 3240,1962 3238,1962 3207,1979 3191,1967 3189,1967 3186,1967 3184,1967 3060,1974 3058,1974 3056,1974 3026,1993 3021,1995 2998,1995 2879,1986 2876,1986 2874,1986 2872,1986 2846,2002 2837,2007 2774,2007 2664,2007 2662,2007 2594,2018 2543,2025 2534,2021 2520,2011 2517,2011 2515,2011 2513,2011 2510,2011 2508,2011 2494,2023 2485,2028 2433,2028 2438,2074 2438,2100 2466,2114 2468,2114 2471,2114 2585,2107 2587,2107 2632,2088 2664,2074 2725,2084 2746,2086 2748,2086 2750,2086 2753,2086 2753,2084 2755,2081 2774,2067 3023,2067 3026,2067 3028,2067 3030,2067 3047,2053 3102,2065 3126,2070 3128,2070 3130,2070 3133,2070 3133,2067 3135,2067 3137,2065 3149,2049 3200,2060 3203,2060 3205,2060 3207,2060 3210,2060 3247,2037 3291,2046 3294,2046 3296,2046 3298,2046 3322,2032 3440,2049 3459,2051 3461,2051 3464,2051 3466,2051 3468,2049 3499,2025 3524,2044 3524,2046 3527,2046 3529,2046 3531,2046 3571,2042 3571,2000 3566,1960 3513,1946 3510,1946"/>
        <Baseline points="2438,2074 2935,2032 3571,2000"/>
        <TextEquiv conf="0.9540903839198026">
          <Unicode>si ostendamus aliam rectarmi intra hicagulum</Unicode>
        </TextEquiv>
      </TextLine>

      
      
      <TextLine id="eSc_line_99bef19b" custom="structure {type:default;}">
        <Coords points="3543,2002 3524,2016 3343,2016 3322,2016 3319,2016 3317,2016 3315,2016 3315,2018 3294,2030 3263,2023 3249,2018 3247,2018 3245,2018 3242,2018 3240,2018 3240,2021 3233,2025 3219,2039 3170,2042 3158,2032 3154,2028 3151,2028 3149,2028 3147,2028 3144,2028 3142,2028 3133,2035 3109,2046 3023,2044 2937,2042 2935,2042 2932,2042 2909,2056 2893,2063 2876,2058 2848,2049 2846,2049 2844,2049 2760,2067 2741,2072 2732,2070 2694,2060 2692,2060 2690,2060 2687,2060 2685,2060 2660,2077 2650,2084 2571,2088 2562,2086 2527,2074 2524,2074 2522,2074 2520,2074 2482,2093 2478,2095 2475,2095 2436,2081 2433,2081 2431,2081 2359,2086 2356,2086 2317,2104 2321,2146 2324,2184 2452,2160 2494,2170 2503,2170 2506,2170 2508,2170 2510,2170 2513,2167 2543,2142 2604,2158 2606,2158 2608,2158 2611,2158 2613,2158 2634,2139 2729,2132 2760,2144 2771,2149 2774,2149 2776,2149 2900,2139 2902,2139 2923,2128 2960,2109 2993,2121 3016,2130 3019,2130 3021,2130 3023,2130 3054,2116 3088,2098 3137,2098 3154,2107 3158,2111 3161,2111 3163,2111 3165,2111 3168,2111 3193,2102 3240,2088 3275,2095 3317,2104 3319,2104 3322,2104 3354,2088 3357,2086 3359,2088 3375,2102 3378,2102 3380,2102 3382,2102 3385,2102 3436,2081 3459,2070 3566,2067 3566,2049 3555,2002 3548,2002"/>
        <Baseline points="2321,2146 2867,2095 3566,2049"/>
        <TextEquiv conf="0.9932592181782973">
          <Unicode>ductam punctum aliquod cum hac, habere</Unicode>
        </TextEquiv>
      </TextLine>

      
      
      <TextLine id="eSc_line_a2f1dd20" custom="structure {type:default;}">
        <Coords points="3105,2179 3107,2179 3109,2179 3196,2156 3205,2153 3217,2153 3333,2163 3336,2163 3338,2163 3340,2163 3371,2142 3378,2142 3452,2153 3454,2153 3457,2153 3529,2130 3529,2109 3524,2070 3471,2058 3468,2058 3466,2058 3424,2074 3394,2086 3375,2077 3361,2070 3359,2070 3357,2070 3354,2070 3331,2079 3296,2093 3242,2084 3200,2077 3198,2077 3196,2077 3172,2086 3130,2107 3030,2111 2995,2095 2988,2093 2986,2093 2984,2093 2981,2093 2963,2098 2902,2116 2879,2102 2879,2156 2879,2177"/>
        <Baseline points="2879,2156 3529,2109"/>
        <TextEquiv conf="0.9872002466158434">
          <Unicode>videamus autem quomodo</Unicode>
        </TextEquiv>
      </TextLine>

      
      
      <TextLine id="eSc_line_dda9de36" custom="structure {type:default;}">
        <Coords points="2324,2235 2496,2205 2520,2207 2571,2214 2573,2214 2576,2214 2578,2214 2578,2212 2597,2195 2599,2193 2604,2193 2636,2200 2639,2200 2641,2200 2643,2200 2657,2186 2657,2174 2650,2135 2317,2165 2321,2207"/>
        <Baseline points="2321,2207 2506,2181 2657,2174"/>
        <TextEquiv conf="0.9980481531884935">
          <Unicode>communes.</Unicode>
        </TextEquiv>
      </TextLine>

      
      
      <TextLine id="eSc_line_d04e5dbb" custom="structure {type:default;}">
        <Coords points="3184,2135 3182,2135 3116,2165 3077,2146 3074,2146 3072,2146 3070,2146 3067,2146 3040,2170 2974,2172 2860,2158 2858,2158 2802,2163 2799,2163 2797,2163 2797,2165 2795,2165 2778,2186 2667,2172 2664,2172 2662,2172 2564,2205 2496,2186 2494,2186 2492,2186 2489,2186 2487,2186 2452,2212 2382,2202 2380,2202 2377,2202 2338,2219 2342,2256 2342,2286 2468,2279 2471,2279 2475,2277 2506,2261 2529,2272 2534,2275 2536,2275 2538,2275 2541,2275 2550,2270 2580,2256 2722,2256 2762,2256 2762,2254 2764,2254 2767,2254 2767,2251 2769,2251 2776,2240 2788,2249 2792,2254 2795,2254 2797,2254 2799,2254 2865,2251 2974,2233 3060,2216 3112,2219 3191,2223 3193,2223 3196,2223 3240,2207 3254,2202 3273,2205 3315,2209 3317,2209 3482,2184 3485,2172 3478,2139 3256,2153 3233,2135 3231,2135 3228,2135 3198,2135 3186,2135"/>
        <Baseline points="2342,2256 2865,2207 3485,2172"/>
        <TextEquiv conf="0.9794203171858916">
          <Unicode>constet rectam (aliquam cadere, intra</Unicode>
        </TextEquiv>
      </TextLine>

      
      
      <TextLine id="eSc_line_4e7dc161" custom="structure {type:default;}">
        <Coords points="2300,2373 2380,2340 2412,2363 2415,2363 2417,2363 2419,2363 2466,2361 2468,2361 2471,2361 2473,2359 2522,2326 2604,2347 2606,2296 2599,2249 2585,2240 2583,2240 2580,2240 2578,2240 2576,2240 2545,2256 2543,2256 2541,2256 2499,2244 2496,2244 2494,2244 2492,2244 2489,2244 2473,2258 2464,2263 2429,2258 2405,2256 2403,2256 2401,2256 2389,2258 2352,2272 2289,2263 2296,2321"/>
        <Baseline points="2296,2321 2606,2296"/>
        <TextEquiv conf="0.9787416209777197">
          <Unicode>triaengulum.</Unicode>
        </TextEquiv>
      </TextLine>

      
      
      <TextLine id="eSc_line_76ec86a8" custom="structure {type:default;}">
        <Coords points="3753,2151 3650,2156 3639,2158 3627,2158 3599,2158 3592,2160 3585,2160 3583,2160 3580,2160 3557,2179 3538,2163 3536,2163 3534,2163 3531,2163 3482,2165 3480,2165 3478,2165 3475,2174 3454,2174 3392,2200 3324,2200 3275,2184 3266,2186 3242,2186 3238,2186 3207,2207 2984,2205 2981,2205 2979,2205 2977,2205 2977,2207 2960,2221 2776,2221 2774,2221 2771,2221 2769,2221 2755,2228 2760,2289 2760,2314 2837,2312 2839,2312 2841,2312 2841,2310 2862,2293 2921,2303 2923,2303 2925,2303 2928,2303 2928,2300 2949,2282 3002,2296 3005,2296 3007,2296 3009,2296 3063,2275 3175,2286 3177,2286 3179,2286 3182,2286 3207,2268 3301,2284 3305,2284 3308,2284 3310,2284 3312,2284 3361,2256 3487,2251 3552,2268 3566,2272 3569,2272 3571,2272 3573,2272 3576,2272 3583,2268 3620,2244 3688,2254 3708,2255 3818,2235 3848,2249 3862,2256 3865,2256 3867,2256 3869,2256 3886,2249 3916,2230 3967,2242 3982,2246 4010,2246 4049,2237 4063,2235 4065,2237 4077,2244 4079,2244 4082,2244 4084,2244 4086,2244 4089,2244 4105,2235 4128,2221 4161,2230 4184,2237 4187,2237 4189,2237 4294,2233 4296,2233 4298,2233 4312,2221 4329,2209 4335,2212 4338,2210 4339,2156 4314,2147 4308,2144 4168,2137 4166,2137 4075,2151 3956,2139 3953,2139 3951,2139 3890,2163 3800,2149 3797,2149 3755,2149 3755,2151"/>
        <Baseline points="2760,2289 2991,2261 3578,2219 4338,2189"/>
        <TextEquiv conf="0.9636225382486979">
          <Unicode>loc ita fiet sumatur punctum G intia hungulum DEB adeoque et</Unicode>
        </TextEquiv>
      </TextLine>

      
      
      <TextLine id="eSc_line_e44e3aa7_a" custom="structure {type:default;}">
        <Coords points="3790,2254 3767,2254 3744,2254 3720,2254 3697,2254 3679,2254 3826,2259 3825,2254 3814,2254"/>
        
        <TextEquiv>
          <Unicode></Unicode>
        </TextEquiv>
      </TextLine>

      
      
      <TextLine id="eSc_line_e44e3aa7_b" custom="structure {type:default;}">
        <Coords points="3674,2254 3650,2254 3627,2254 3604,2282 3587,2249 3580,2251 3520,2240 3517,2240 3515,2240 3468,2251 3454,2240 3452,2240 3450,2240 3447,2240 3445,2240 3443,2240 3413,2261 3345,2247 3343,2247 3340,2247 3338,2247 3303,2270 3249,2254 3247,2254 3245,2254 3242,2254 3196,2277 3156,2261 3154,2261 3151,2261 3149,2261 3147,2261 3128,2275 3067,2265 3065,2265 3063,2265 2960,2293 2860,2279 2858,2279 2839,2279 2834,2282 2811,2284 2788,2286 2781,2286 2753,2307 2690,2291 2687,2291 2685,2291 2683,2291 2613,2317 2520,2303 2508,2305 2501,2305 2478,2324 2433,2317 2431,2317 2300,2338 2305,2389 2305,2415 2510,2403 2513,2403 2515,2403 2515,2401 2517,2401 2529,2387 2685,2391 2687,2391 2690,2391 2692,2391 2694,2391 2732,2368 2760,2384 2762,2384 2764,2384 2853,2382 2860,2380 2862,2380 2865,2380 2900,2356 2956,2370 2958,2370 2960,2370 2963,2370 2965,2370 2965,2368 2981,2349 3072,2345 3184,2347 3186,2347 3189,2347 3219,2335 3275,2352 3277,2352 3280,2352 3282,2352 3333,2326 3438,2324 3466,2335 3468,2335 3471,2335 3473,2335 3524,2314 3578,2326 3580,2326 3583,2326 3585,2326 3585,2324 3599,2312 3621,2313 3622,2310 3633,2302 3679,2254"/>
        <Baseline points="2305,2389 2762,2345 2823,2331 3654,2281"/>
        <TextEquiv conf="0.9331408013135959">
          <Unicode>intra hiangulum  t ab hoc ducatur recta</Unicode>
        </TextEquiv>
      </TextLine>

      
      
      <TextLine id="eSc_line_1cae8b2a" custom="structure {type:default;}">
        <Coords points="3074,2422 3128,2419 3128,2370 3128,2340 3074,2328 3074,2370"/>
        <Baseline points="3074,2370 3128,2370"/>
        <TextEquiv conf="0.990820586681366">
          <Unicode>.</Unicode>
        </TextEquiv>
      </TextLine>

      
      
      <TextLine id="eSc_line_5101bd5b" custom="structure {type:default;}">
        <Coords points="3212,2319 3210,2319 3207,2319 3205,2319 3168,2340 3172,2398 3172,2424 3308,2415 3308,2391 3303,2361 3294,2338"/>
        <Baseline points="3172,2398 3308,2391"/>
        <TextEquiv>
          <Unicode></Unicode>
        </TextEquiv>
      </TextLine>

      
      
      <TextLine id="eSc_line_6431c299" custom="structure {type:default;}">
        <Coords points="3291,2389 3298,2398 3452,2401 3454,2356 3450,2321 3399,2307 3396,2307 3394,2307 3287,2328 3291,2363"/>
        <Baseline points="3291,2363 3454,2356"/>
        <TextEquiv conf="0.9706198215484619">
          <Unicode>recta</Unicode>
        </TextEquiv>
      </TextLine>

      
      
      <TextLine id="eSc_line_110b1fe0" custom="structure {type:default;}">
        <Coords points="2324,2468 2375,2463 2377,2463 2380,2463 2380,2461 2382,2461 2394,2447 2461,2456 2464,2456 2466,2456 2524,2452 2613,2443 2615,2443 2646,2426 2769,2431 2785,2431 2788,2431 2818,2426 2993,2398 3016,2410 3019,2380 3012,2340 2405,2398 2403,2398 2380,2389 2377,2389 2375,2389 2373,2389 2317,2405 2321,2436"/>
        <Baseline points="2321,2436 3019,2380"/>
        <TextEquiv conf="0.98114070722035">
          <Unicode>ad angulum aliquem ut</Unicode>
        </TextEquiv>
      </TextLine>

      
      
      <TextLine id="eSc_line_b6da875c" custom="structure {type:default;}">
        <Coords points="3228,2396 3205,2398 3182,2398 3177,2387 3175,2387 3123,2382 3121,2382 3119,2382 3116,2382 3116,2384 3105,2394 3093,2405 3042,2412 2991,2403 2942,2394 2939,2394 2937,2394 2900,2410 2872,2424 2853,2415 2827,2403 2825,2403 2823,2403 2820,2403 2818,2403 2799,2419 2797,2422 2797,2419 2774,2405 2771,2405 2769,2405 2767,2405 2764,2405 2762,2405 2729,2426 2720,2431 2704,2429 2650,2419 2648,2419 2646,2419 2580,2440 2562,2445 2550,2443 2499,2424 2496,2424 2494,2424 2492,2424 2489,2424 2459,2443 2431,2431 2429,2431 2426,2431 2424,2431 2319,2461 2324,2491 2326,2531 2443,2505 2555,2512 2557,2512 2559,2512 2562,2512 2562,2510 2583,2489 2632,2487 2697,2501 2699,2501 2701,2501 2748,2484 2764,2496 2767,2496 2769,2496 2771,2496 2774,2496 2809,2477 3044,2475 3047,2475 3081,2456 3102,2468 3105,2468 3107,2468 3109,2468 3154,2454 3207,2473 3212,2473 3214,2473 3217,2473 3329,2463 3331,2463 3333,2463 3389,2436 3436,2456 3438,2456 3440,2456 3443,2456 3445,2456 3447,2456 3447,2454 3464,2440 3508,2445 3510,2445 3513,2445 3515,2445 3515,2443 3517,2443 3527,2431 3555,2447 3559,2396 3552,2354 3473,2359 3471,2359 3468,2359 3466,2361 3434,2387 3280,2396 3263,2394 3252,2396"/>
        <Baseline points="2324,2491 3238,2436 3559,2396"/>
        <TextEquiv conf="0.9696138880469582">
          <Unicode>producta egredietur hianguli, quia quaelibet</Unicode>
        </TextEquiv>
      </TextLine>

      
      
      <TextLine id="eSc_line_2cee4938" custom="structure {type:default;}">
        <Coords points="3608,2415 3566,2405 3564,2405 3562,2405 3559,2405 3559,2408 3543,2424 3543,2426 3429,2433 3427,2433 3378,2419 3357,2419 3336,2440 3333,2445 3165,2456 3154,2454 3112,2443 3100,2445 3077,2447 3060,2447 3009,2459 2932,2454 2914,2456 2890,2459 2872,2459 2412,2498 2410,2498 2382,2512 2356,2526 2312,2519 2317,2566 2321,2617 2370,2592 2422,2608 2426,2608 2429,2608 2431,2608 2433,2608 2440,2606 2494,2582 2527,2596 2531,2599 2534,2599 2536,2599 2604,2592 2606,2592 2608,2592 2613,2587 2650,2566 2741,2575 2781,2578 2783,2578 2785,2578 2788,2578 2788,2575 2797,2568 2811,2554 2834,2566 2846,2571 2848,2571 2851,2571 2853,2571 2876,2561 2921,2543 2979,2550 3028,2557 3030,2557 3033,2557 3065,2543 3093,2529 3133,2536 3189,2543 3191,2543 3193,2543 3196,2543 3196,2540 3212,2526 3224,2515 3357,2505 3371,2510 3406,2524 3408,2524 3410,2524 3413,2524 3415,2524 3438,2503 3440,2503 3443,2503 3489,2512 3492,2512 3494,2512 3496,2512 3515,2496 3522,2491 3534,2494 3566,2500 3599,2467 3603,2456 3606,2432 3609,2431 3609,2417"/>
        <Baseline points="2317,2566 2615,2552 3343,2480 3599,2466"/>
        <TextEquiv conf="0.976184334510412">
          <Unicode>recta ita profuci potest ut fiatm major</Unicode>
        </TextEquiv>
      </TextLine>

      
      
      <TextLine id="eSc_line_ebe08220" custom="structure {type:default;}">
        <Coords points="2377,2669 2380,2669 2382,2669 2384,2669 2384,2666 2394,2657 2401,2650 2419,2655 2475,2664 2478,2664 2480,2664 2482,2664 2482,2662 2503,2641 2513,2629 2590,2627 2592,2617 2583,2566 2534,2589 2445,2589 2422,2575 2419,2575 2417,2575 2415,2575 2412,2575 2410,2575 2387,2594 2345,2578 2347,2629 2347,2664"/>
        <Baseline points="2347,2629 2592,2617"/>
        <TextEquiv conf="0.9957939982414246">
          <Unicode>data,</Unicode>
        </TextEquiv>
      </TextLine>

      
      
      <TextLine id="eSc_line_69262628" custom="structure {type:default;}">
        <Coords points="2601,2627 2650,2650 2653,2650 2655,2650 2713,2643 2715,2643 2718,2643 2718,2641 2720,2641 2736,2620 2757,2629 2760,2629 2762,2629 2764,2629 2767,2629 2767,2627 2781,2613 2818,2634 2820,2634 2823,2634 2825,2634 2827,2634 2930,2603 2949,2617 2951,2617 2953,2617 2956,2617 2958,2617 2960,2617 2960,2615 2984,2589 2991,2589 3077,2585 3088,2594 3088,2596 3091,2596 3093,2596 3095,2596 3098,2596 3126,2585 3144,2601 3147,2601 3149,2601 3151,2601 3196,2599 3198,2599 3200,2599 3219,2582 3242,2594 3245,2594 3247,2594 3249,2594 3322,2566 3387,2571 3389,2571 3392,2571 3394,2571 3394,2568 3396,2568 3408,2552 3408,2543 3399,2487 3163,2522 3105,2517 3074,2517 3072,2517 3070,2517 3058,2524 3037,2533 2967,2533 2902,2533 2900,2533 2897,2533 2867,2545 2844,2552 2830,2550 2806,2543 2804,2543 2802,2543 2799,2543 2797,2543 2785,2554 2781,2557 2750,2557 2648,2557 2646,2557 2643,2557 2594,2573 2601,2615"/>
        <Baseline points="2601,2615 3079,2561 3408,2543"/>
        <TextEquiv conf="0.9658109093153918">
          <Unicode>in est longior maxima recta</Unicode>
        </TextEquiv>
      </TextLine>

      
      
      <TextLine id="eSc_line_6bd06189" custom="structure {type:default;}">
        <Coords points="2697,2615 2671,2624 2643,2620 2594,2613 2592,2613 2590,2613 2573,2617 2573,2620 2569,2620 2536,2631 2527,2634 2522,2631 2503,2624 2501,2624 2499,2624 2496,2624 2494,2624 2480,2636 2473,2643 2319,2650 2324,2690 2324,2704 2380,2718 2382,2718 2384,2718 2438,2697 2443,2694 2450,2694 2520,2706 2522,2706 2524,2706 2527,2706 2550,2692 2694,2692 2697,2692 2699,2692 2729,2676 2753,2687 2755,2687 2757,2687 2760,2687 2762,2687 2783,2671 2790,2664 2839,2662 2846,2664 2865,2678 2867,2678 2869,2678 2872,2678 2874,2678 2958,2657 2988,2650 3012,2652 3072,2662 3074,2662 3179,2641 3226,2631 3249,2636 3287,2641 3289,2641 3291,2641 3329,2629 3359,2620 3380,2624 3399,2631 3401,2631 3403,2631 3406,2631 3408,2631 3408,2629 3410,2629 3415,2622 3422,2615 3499,2615 3501,2594 3494,2540 3357,2554 3354,2554 3352,2554 3352,2557 3338,2568 3268,2561 3266,2561 3263,2561 3261,2561 3259,2561 3259,2564 3256,2564 3247,2575 3226,2566 3224,2566 3221,2566 3219,2566 3147,2585 3121,2575 3112,2571 3109,2571 3107,2571 3105,2571 3067,2580 2991,2599 2888,2596 2834,2596 2832,2596 2830,2596 2802,2606 2764,2617 2753,2610 2741,2601 2739,2601 2736,2601 2729,2601"/>
        <Baseline points="2324,2690 3501,2594"/>
        <TextEquiv conf="0.9905911480508199">
          <Unicode>quae in hrangulo: duci potest per punctum</Unicode>
        </TextEquiv>
      </TextLine>

      
      
      <TextLine id="eSc_line_57f33de6" custom="structure {type:default;}">
        <Coords points="2326,2785 2466,2760 2531,2769 2534,2769 2664,2760 2736,2753 2739,2753 2792,2725 2967,2725 2970,2725 3088,2699 3168,2715 3170,2715 3172,2715 3175,2715 3217,2690 3291,2697 3294,2697 3296,2697 3336,2678 3413,2694 3413,2655 3408,2617 3308,2613 3305,2613 3193,2634 3170,2638 3165,2636 3147,2627 3144,2627 3142,2627 3140,2627 3137,2627 3119,2641 3114,2643 3095,2641 3047,2636 3044,2636 2956,2652 2895,2662 2860,2659 2818,2655 2816,2655 2813,2655 2792,2664 2771,2671 2690,2671 2632,2671 2629,2671 2627,2671 2601,2678 2543,2694 2319,2697 2324,2748"/>
        <Baseline points="2324,2748 3413,2655"/>
        <TextEquiv conf="0.9816821410375483">
          <Unicode>sunum angulum D( praxima et minima</Unicode>
        </TextEquiv>
      </TextLine>

      
      
      <TextLine id="eSc_line_51d664de" custom="structure {type:default;}">
        <Coords points="2317,2841 2363,2839 2366,2839 2368,2839 2368,2836 2370,2836 2382,2820 2520,2827 2531,2827 2534,2827 2536,2827 2538,2827 2569,2808 2687,2808 2690,2808 2692,2808 2694,2808 2694,2806 2697,2806 2706,2792 2748,2808 2750,2808 2753,2808 2767,2806 2970,2769 3060,2776 3063,2776 3149,2755 3168,2769 3168,2771 3170,2771 3172,2771 3175,2771 3177,2771 3231,2755 3263,2764 3266,2764 3268,2764 3270,2764 3319,2739 3336,2753 3336,2755 3338,2755 3340,2755 3343,2755 3403,2753 3401,2715 3396,2680 3301,2671 3298,2671 3296,2671 3294,2671 3273,2690 3261,2680 3259,2680 3256,2680 3254,2680 3170,2699 3161,2701 3156,2701 3084,2690 3081,2690 3079,2690 3077,2690 3042,2711 3007,2697 3005,2697 3002,2697 3000,2697 2939,2715 2783,2718 2781,2718 2778,2718 2757,2734 2753,2739 2566,2753 2559,2750 2548,2743 2545,2743 2543,2743 2541,2743 2520,2753 2510,2757 2501,2755 2461,2743 2459,2743 2457,2743 2310,2769 2314,2808"/>
        <Baseline points="2314,2808 3401,2715"/>
        <TextEquiv conf="0.9557263916358352">
          <Unicode>restarum quae per batihi angulum</Unicode>
        </TextEquiv>
      </TextLine>

      
      
      <TextLine id="eSc_line_f2d7aef9" custom="structure {type:default;}">
        <Coords points="3392,2743 3382,2743 3340,2734 3338,2734 3336,2734 3287,2750 3275,2753 3270,2750 3228,2739 3226,2739 3224,2739 3221,2739 3219,2739 3219,2741 3200,2757 3196,2762 3147,2762 3144,2762 3114,2746 3112,2746 3109,2746 3107,2746 3067,2764 2998,2753 2995,2753 2876,2764 2874,2764 2872,2764 2855,2778 2818,2771 2816,2771 2813,2771 2760,2795 2750,2797 2741,2795 2697,2785 2694,2785 2692,2785 2690,2785 2676,2797 2660,2783 2657,2783 2655,2783 2653,2783 2650,2783 2597,2801 2571,2792 2569,2792 2566,2792 2564,2792 2562,2792 2562,2795 2541,2813 2534,2818 2478,2818 2375,2815 2373,2815 2370,2815 2338,2827 2345,2871 2347,2902 2436,2888 2457,2892 2478,2899 2480,2899 2482,2899 2485,2899 2503,2890 2538,2871 2583,2883 2604,2888 2606,2888 2608,2888 2664,2876 2701,2869 2729,2871 2771,2874 2774,2874 2776,2874 2811,2864 2890,2841 2956,2850 2958,2850 2960,2850 3016,2829 3079,2834 3081,2834 3168,2815 3214,2829 3217,2829 3219,2829 3221,2829 3224,2829 3312,2801 3505,2786 3500,2778 3488,2736 3489,2734"/>
        <Baseline points="2345,2871 3282,2778 3498,2771"/>
        <TextEquiv conf="0.9750601677667528">
          <Unicode>duci possunt sunt duo latera), quae utique</Unicode>
        </TextEquiv>
      </TextLine>

      
      
      <TextLine id="eSc_line_d2089e75" custom="structure {type:default;}">
        <Coords points="2324,2974 2459,2958 2461,2958 2464,2958 2489,2939 2529,2955 2531,2955 2534,2955 2536,2955 2538,2955 2538,2953 2557,2934 2587,2948 2590,2948 2592,2948 2594,2948 2657,2925 2685,2939 2687,2939 2690,2939 2692,2939 2694,2939 2718,2920 2764,2934 2767,2934 2769,2934 2771,2934 2774,2934 2774,2932 2792,2913 2834,2909 2858,2918 2860,2918 2862,2918 3084,2892 3154,2902 3156,2902 3158,2902 3161,2902 3161,2899 3177,2883 3235,2895 3238,2895 3240,2895 3242,2895 3319,2867 3364,2883 3366,2883 3368,2883 3471,2874 3471,2843 3461,2778 3294,2792 3291,2792 3282,2797 3235,2820 3105,2815 3054,2813 3051,2813 3049,2813 3026,2822 2984,2841 2953,2832 2949,2829 2946,2829 2944,2829 2942,2829 2939,2829 2935,2832 2914,2848 2900,2836 2895,2832 2893,2832 2890,2832 2837,2832 2834,2832 2832,2832 2802,2846 2771,2862 2729,2864 2718,2855 2708,2848 2708,2846 2706,2846 2704,2846 2701,2846 2699,2846 2697,2846 2680,2860 2669,2871 2576,2876 2566,2871 2548,2857 2545,2857 2543,2857 2541,2857 2538,2857 2536,2857 2513,2878 2506,2883 2489,2881 2436,2869 2433,2869 2431,2869 2429,2869 2429,2871 2412,2888 2410,2892 2317,2897 2321,2941"/>
        <Baseline points="2321,2941 2930,2876 3471,2843"/>
        <TextEquiv conf="0.9687176968370165">
          <Unicode>finita est quia maxima recta quae d</Unicode>
        </TextEquiv>
      </TextLine>

      
      
      <TextLine id="eSc_line_d13e8400" custom="structure {type:default;}">
        <Coords points="2550,2920 2538,2932 2534,2934 2524,2932 2480,2925 2473,2925 2436,2941 2422,2948 2321,2951 2326,2990 2328,3018 2419,3016 2422,3016 2433,3011 2459,2997 2473,3007 2475,3009 2478,3009 2480,3009 2482,3009 2580,3002 2583,3002 2585,3002 2590,2997 2615,2983 2732,2986 2760,2986 2762,2986 2790,2981 2921,2955 3012,2962 3021,2962 3023,2962 3026,2962 3028,2962 3054,2944 3116,2953 3119,2923 3112,2878 3044,2890 3023,2885 2995,2878 2993,2878 2991,2878 2988,2878 2986,2878 2986,2881 2984,2881 2977,2890 2972,2895 2949,2892 2918,2890 2916,2890 2914,2890 2911,2890 2911,2892 2909,2892 2907,2897 2902,2902 2874,2899 2816,2895 2813,2895 2811,2895 2776,2909 2757,2916 2746,2911 2720,2904 2718,2904 2715,2904 2713,2904 2711,2904 2711,2906 2708,2906 2701,2916 2697,2923 2662,2925 2655,2920 2643,2911 2641,2911 2639,2911 2636,2911 2634,2911 2597,2925 2590,2927 2587,2927 2559,2918 2557,2918 2555,2918 2552,2918 2550,2918"/>
        <Baseline points="2326,2990 2886,2937 3119,2923"/>
        <TextEquiv conf="0.9813465923070908">
          <Unicode>in simito duci potest finita est</Unicode>
        </TextEquiv>
      </TextLine>

      
      
      <TextLine id="eSc_line_257102a2" custom="structure {type:default;}">
        <Coords points="2874,2937 2858,2948 2855,2951 2853,2948 2844,2941 2825,2941 2771,2955 2769,2955 2767,2955 2767,2958 2764,2958 2755,2969 2711,2962 2680,2960 2678,2960 2676,2960 2629,2972 2580,2986 2314,3002 2319,3039 2319,3072 2380,3081 2382,3081 2384,3081 2415,3067 2440,3053 2592,3053 2634,3053 2636,3053 2639,3053 2646,3051 2678,3035 2711,3046 2727,3051 2729,3051 2732,3051 2734,3051 2755,3042 2764,3039 2799,3039 2872,3042 2874,3042 2876,3042 2879,3042 2879,3039 2886,3035 2897,3021 2951,3030 2965,3030 2967,3030 2970,3030 2972,3030 2974,3028 2998,3009 3009,3018 3012,3018 3014,3018 3016,3018 3019,3018 3056,3004 3088,3021 3098,3023 3100,3023 3102,3023 3175,3018 3177,3018 3179,3018 3186,3014 3212,2995 3298,2997 3301,2997 3303,2997 3305,2997 3322,2983 3380,3000 3382,3000 3385,3000 3387,3000 3389,3000 3394,2997 3440,2979 3475,2993 3478,2993 3480,2993 3562,2986 3562,2953 3555,2881 3294,2899 3291,2899 3289,2899 3277,2906 3238,2932 3214,2916 3212,2916 3210,2916 3207,2916 3205,2916 3203,2916 3203,2918 3200,2918 3186,2937 3086,2944 3072,2932 3072,2930 3070,2930 3067,2930 3065,2930 2974,2951 2930,2941 2902,2937 2895,2937"/>
        <Baseline points="2319,3039 2774,3011 3357,2953 3562,2953"/>
        <TextEquiv conf="0.966345489025116">
          <Unicode>egredietur DG ex hinnyplo in basi AC</Unicode>
        </TextEquiv>
      </TextLine>

      
      
      <TextLine id="eSc_line_c673dfca" custom="structure {type:default;}">
        <Coords points="2860,3004 2858,3004 2851,3014 2846,3021 2711,3030 2704,3028 2685,3018 2671,3018 2643,3032 2636,3035 2622,3035 2559,3028 2557,3028 2555,3028 2552,3028 2538,3042 2536,3042 2534,3042 2489,3035 2487,3035 2485,3035 2482,3035 2461,3049 2450,3039 2447,3039 2445,3039 2443,3039 2338,3058 2342,3091 2342,3114 2396,3123 2398,3123 2401,3123 2426,3109 2433,3107 2443,3109 2489,3121 2492,3121 2494,3121 2496,3121 2499,3121 2522,3105 2534,3098 2585,3100 2683,3107 2685,3107 2687,3107 2690,3107 2708,3093 2718,3086 2725,3093 2734,3100 2736,3100 2739,3100 2741,3100 2869,3093 2872,3093 2893,3084 2914,3072 2974,3077 3019,3081 3021,3081 3023,3081 3026,3081 3035,3074 3058,3060 3116,3065 3119,3065 3238,3044 3312,3058 3319,3058 3322,3058 3324,3058 3326,3058 3364,3035 3452,3049 3452,3007 3443,2962 3413,2976 3284,2976 3210,2976 3207,2976 3205,2976 3203,2976 3193,2983 3184,2993 3165,2986 3147,2981 3144,2981 3142,2981 3140,2981 3137,2981 3123,2990 3107,3000 3067,2995 3026,2990 3023,2990 3021,2990 2986,3002 2956,3011 2921,3009 2867,3002 2860,3002"/>
        <Baseline points="2342,3091 3452,3007"/>
        <TextEquiv conf="0.9753421878113466">
          <Unicode>ne bis  sommune punctum habeat cum</Unicode>
        </TextEquiv>
      </TextLine>

      
      
      <TextLine id="eSc_line_4da30085" custom="structure {type:default;}">
        <Coords points="2317,3181 2422,3181 2422,3179 2424,3179 2426,3179 2426,3177 2436,3170 2445,3163 2461,3167 2506,3177 2508,3177 2510,3177 2548,3158 2557,3156 2562,3158 2601,3172 2604,3172 2606,3172 2608,3172 2655,3149 2655,3128 2648,3088 2312,3100 2314,3144"/>
        <Baseline points="2314,3144 2655,3128"/>
        <TextEquiv conf="0.9971064254641533">
          <Unicode>aliis lateribus.</Unicode>
        </TextEquiv>
      </TextLine>

      
      
      <TextLine id="eSc_line_8325f958" custom="structure {type:default;}">
        <Coords points="3065,3044 3037,3060 2895,3060 2900,3105 2900,3137 2988,3123 3130,3126 3151,3126 3154,3126 3156,3126 3161,3123 3200,3109 3382,3109 3399,3109 3401,3109 3403,3109 3406,3109 3406,3107 3408,3107 3417,3095 3445,3105 3447,3105 3450,3105 3452,3105 3485,3091 3531,3100 3534,3067 3527,3007 3461,3011 3459,3011 3457,3011 3457,3014 3438,3032 3382,3018 3371,3016 3368,3016 3366,3016 3357,3021 3319,3039 3238,3030 3231,3030 3228,3030 3226,3030 3221,3032 3177,3049 3165,3037 3163,3037 3161,3037 3158,3037 3156,3037 3154,3037 3114,3053 3095,3042 3088,3037 3086,3037 3084,3037 3081,3037 3079,3037"/>
        <Baseline points="2900,3105 3317,3074 3534,3067"/>
        <TextEquiv conf="0.9739235043525696">
          <Unicode>non haec recta DG</Unicode>
        </TextEquiv>
      </TextLine>

      
      
      <TextLine id="eSc_line_a38ec8ac" custom="structure {type:default;}">
        <Coords points="2370,3233 2471,3235 2473,3235 2475,3235 2478,3235 2501,3221 2524,3205 2615,3200 2636,3205 2680,3219 2683,3219 2685,3219 2778,3214 2781,3214 2783,3214 2825,3186 2825,3172 2816,3126 2718,3146 2697,3137 2687,3133 2685,3133 2683,3133 2573,3151 2506,3160 2496,3158 2466,3149 2464,3149 2461,3149 2459,3149 2419,3165 2401,3153 2398,3153 2396,3153 2394,3153 2391,3153 2389,3153 2366,3165 2370,3202"/>
        <Baseline points="2370,3202 2825,3172"/>
        <TextEquiv conf="0.9554701997683599">
          <Unicode>rerefario iuc</Unicode>
        </TextEquiv>
      </TextLine>

      
      
      <TextLine id="eSc_line_189c2756" custom="structure {type:default;}">
        <Coords points="2960,3195 3098,3163 3217,3158 3240,3167 3263,3177 3266,3177 3268,3177 3270,3177 3322,3158 3326,3158 3329,3158 3399,3167 3401,3167 3403,3167 3406,3167 3434,3146 3461,3156 3464,3156 3466,3156 3468,3156 3508,3137 3508,3116 3503,3081 2956,3121 2960,3153"/>
        <Baseline points="2960,3153 3508,3116"/>
        <TextEquiv conf="0.940187456086278">
          <Unicode>Porro rectu  est</Unicode>
        </TextEquiv>
      </TextLine>

      
      
      <TextLine id="eSc_line_59d97659" custom="structure {type:default;}">
        <Coords points="2354,3300 2468,3279 2531,3284 2566,3286 2569,3286 2571,3286 2573,3286 2573,3284 2580,3279 2590,3270 2620,3275 2632,3277 2634,3277 2636,3277 2646,3272 2669,3263 2704,3268 2743,3272 2746,3272 2748,3272 2802,3258 2820,3254 2841,3254 2909,3258 2911,3258 3019,3237 3054,3230 3058,3233 3077,3244 3079,3244 3081,3244 3084,3244 3086,3244 3088,3244 3112,3230 3191,3235 3193,3235 3196,3235 3198,3235 3198,3233 3200,3233 3212,3219 3303,3226 3305,3226 3308,3226 3310,3226 3340,3207 3401,3216 3403,3216 3406,3216 3408,3216 3427,3200 3427,3181 3420,3135 3354,3149 3340,3142 3336,3137 3333,3137 3331,3137 3329,3137 3326,3137 3324,3137 3315,3144 3301,3151 3240,3151 3158,3149 3156,3149 3154,3149 3126,3160 3114,3165 3105,3163 3079,3156 3077,3156 3074,3156 3072,3156 3070,3156 3070,3158 3058,3167 3051,3174 2963,3181 2953,3177 2944,3170 2942,3170 2939,3170 2937,3170 2935,3170 2883,3181 2858,3188 2846,3186 2811,3179 2809,3179 2806,3179 2804,3179 2790,3191 2788,3193 2781,3193 2750,3186 2748,3186 2746,3186 2743,3186 2743,3188 2741,3188 2736,3195 2734,3200 2715,3198 2655,3191 2653,3191 2650,3191 2648,3191 2629,3205 2622,3209 2599,3209 2515,3202 2513,3202 2510,3202 2508,3202 2487,3219 2482,3223 2347,3230 2352,3272"/>
        <Baseline points="2352,3272 3035,3214 3184,3191 3427,3181"/>
        <TextEquiv conf="0.9778449833393097">
          <Unicode>cum sit in hiangulo DAE erit</Unicode>
        </TextEquiv>
      </TextLine>

      
      
      <TextLine id="eSc_line_fad7870c" custom="structure {type:default;}">
        <Coords points="2345,3354 2496,3359 2499,3359 2501,3359 2576,3338 2576,3305 2569,3270 2340,3279 2345,3326"/>
        <Baseline points="2345,3326 2576,3305"/>
        <TextEquiv conf="0.9480417609214783">
          <Unicode>etiam</Unicode>
        </TextEquiv>
      </TextLine>

      
      
      <TextLine id="eSc_line_6a6c454d" custom="structure {type:default;}">
        <Coords points="2646,3331 2776,3310 2802,3319 2804,3282 2797,3247 2639,3263 2643,3296"/>
        <Baseline points="2643,3296 2804,3282"/>
        <TextEquiv conf="0.9980054378509522">
          <Unicode>alaus</Unicode>
        </TextEquiv>
      </TextLine>

      
      
      <TextLine id="eSc_line_13be3bb1" custom="structure {type:default;}">
        <Coords points="3040,3286 3156,3282 3233,3300 3240,3300 3242,3300 3245,3300 3247,3300 3247,3298 3277,3277 3294,3286 3296,3286 3298,3286 3301,3286 3347,3268 3387,3289 3389,3289 3392,3289 3452,3284 3450,3237 3445,3188 3415,3188 3413,3188 3410,3188 3408,3188 3408,3191 3392,3207 3333,3195 3326,3195 3324,3195 3322,3195 3317,3198 3275,3216 3249,3202 3245,3200 3242,3200 3240,3200 3238,3200 3228,3205 3189,3221 3112,3214 3109,3214 3107,3214 3105,3214 3102,3214 3102,3216 3088,3228 2965,3226 2963,3226 2960,3226 2958,3226 2923,3240 2897,3230 2900,3275 2902,3319"/>
        <Baseline points="2900,3275 3450,3237"/>
        <TextEquiv conf="0.9796909831819081">
          <Unicode>q continuatas alicubi</Unicode>
        </TextEquiv>
      </TextLine>

      
      
      <TextLine id="eSc_line_218a1164" custom="structure {type:default;}">
        <Coords points="2345,3436 2527,3401 2601,3408 2604,3408 2606,3408 2608,3408 2627,3394 2701,3410 2704,3410 2706,3410 2788,3387 2813,3396 2816,3396 2818,3396 2820,3396 2823,3396 2823,3394 2841,3380 2911,3394 2914,3394 2916,3394 2918,3394 2921,3394 2960,3366 3063,3363 3084,3380 3086,3380 3088,3380 3091,3380 3126,3377 3128,3377 3130,3377 3158,3352 3242,3345 3256,3356 3256,3359 3259,3359 3261,3359 3263,3359 3266,3359 3289,3347 3382,3356 3385,3314 3375,3256 3303,3261 3301,3261 3298,3261 3296,3263 3256,3289 3193,3275 3191,3275 3189,3275 3186,3275 3156,3296 3105,3296 3091,3284 3084,3277 3081,3277 3079,3277 3077,3277 3019,3282 3016,3282 3014,3282 2998,3293 2970,3310 2937,3298 2925,3296 2923,3296 2921,3296 2918,3296 2904,3303 2879,3317 2862,3307 2846,3296 2844,3296 2841,3296 2839,3296 2837,3296 2834,3296 2834,3298 2818,3312 2804,3326 2685,3328 2680,3326 2664,3312 2664,3310 2662,3310 2660,3310 2657,3310 2655,3310 2653,3310 2629,3326 2559,3326 2557,3326 2555,3326 2552,3326 2536,3340 2529,3345 2513,3342 2450,3331 2447,3331 2445,3331 2403,3354 2398,3356 2338,3359 2342,3396"/>
        <Baseline points="2342,3396 2776,3366 3088,3328 3385,3314"/>
        <TextEquiv conf="0.9891167192748098">
          <Unicode>incidet in EB, basm hianguli BBE,</Unicode>
        </TextEquiv>
      </TextLine>

      
      
      <TextLine id="eSc_line_2f58a643" custom="structure {type:default;}">
        <Coords points="2515,3384 2494,3401 2459,3391 2457,3391 2454,3391 2345,3417 2349,3454 2349,3475 2419,3482 2422,3482 2424,3482 2426,3482 2440,3471 2450,3480 2452,3480 2454,3480 2457,3480 2459,3480 2496,3466 2515,3459 2529,3464 2562,3478 2564,3478 2566,3478 2667,3471 2669,3471 2671,3471 2671,3468 2687,3454 2704,3468 2706,3468 2708,3468 2711,3468 2886,3457 2888,3457 2890,3457 2890,3454 2893,3454 2900,3445 2921,3454 2923,3454 2925,3454 2928,3454 2974,3436 2991,3443 2993,3443 2995,3443 2998,3443 3000,3443 3000,3440 3002,3440 3009,3431 3014,3424 3107,3419 3137,3422 3247,3433 3249,3433 3252,3433 3254,3433 3284,3412 3291,3405 3487,3396 3487,3375 3480,3319 3406,3333 3403,3333 3401,3333 3401,3335 3399,3335 3387,3349 3308,3333 3289,3331 3287,3331 3284,3331 3282,3331 3275,3335 3249,3354 3212,3342 3198,3338 3196,3338 3193,3338 3191,3338 3161,3347 3095,3366 3079,3354 3072,3347 3070,3347 3067,3347 3065,3347 3000,3349 2998,3349 2995,3349 2977,3363 2974,3363 2972,3363 2946,3354 2944,3354 2942,3354 2939,3354 2937,3354 2937,3356 2925,3368 2916,3380 2897,3370 2874,3359 2872,3359 2869,3359 2867,3359 2820,3375 2816,3377 2813,3377 2788,3368 2785,3368 2783,3368 2781,3368 2755,3382 2734,3394 2571,3403 2564,3398 2543,3382 2531,3384"/>
        <Baseline points="2349,3454 2757,3436 2993,3403 3247,3384 3487,3375"/>
        <TextEquiv conf="0.9408924472637665">
          <Unicode>incidit, etiam in AE basin, g trianguli</Unicode>
        </TextEquiv>
      </TextLine>

      
      
      <TextLine id="eSc_line_786266d5" custom="structure {type:default;}">
        <Coords points="2676,3440 2657,3459 2571,3464 2527,3447 2524,3447 2522,3447 2517,3447 2473,3461 2338,3461 2342,3517 2347,3582 2362,3582 2394,3572 2422,3571 2457,3554 2531,3566 2569,3566 2587,3559 2634,3543 2648,3554 2653,3559 2655,3559 2657,3559 2660,3559 2760,3552 2761,3552 2764,3551 2764,3550 2771,3543 2776,3538 2783,3543 2784,3544 2810,3542 2813,3540 2874,3508 2998,3501 3060,3517 3074,3522 3077,3522 3079,3522 3081,3522 3084,3522 3091,3515 3121,3492 3177,3492 3191,3508 3196,3510 3196,3512 3198,3512 3200,3512 3203,3512 3270,3505 3273,3505 3275,3505 3275,3503 3282,3498 3305,3478 3380,3489 3380,3447 3371,3384 3310,3387 3308,3387 3305,3387 3303,3389 3266,3412 3149,3419 3137,3410 3137,3408 3135,3408 3133,3408 3130,3408 3128,3408 3100,3422 3079,3405 3077,3405 3074,3405 3072,3405 3033,3408 3030,3408 3026,3410 2939,3438 2785,3450 2722,3452 2694,3438 2685,3440"/>
        <Baseline points="2342,3517 3051,3457 3380,3447"/>
        <TextEquiv conf="0.9744275725550122">
          <Unicode>AEd idque postquam incidit jam in BE</Unicode>
        </TextEquiv>
      </TextLine>

      
      
      <TextLine id="eSc_line_9832b981" custom="structure {type:default;}">
        <Coords points="3758,566 3834,545 3834,533 3776,536 3754,534"/>
        
        <TextEquiv>
          <Unicode></Unicode>
        </TextEquiv>
      </TextLine>

      
      
      <TextLine id="eSc_line_124932de" custom="structure {type:default;}">
        <Coords points="3424,1125 3425,1135 3440,1125"/>
        
        <TextEquiv>
          <Unicode></Unicode>
        </TextEquiv>
      </TextLine>

      
      
      <TextLine id="eSc_line_b137ec3c" custom="structure {type:default;}">
        <Coords points="3790,1030 3758,1032 3758,1045 3790,1044"/>
        
        <TextEquiv>
          <Unicode></Unicode>
        </TextEquiv>
      </TextLine>

      
      
      <TextLine id="eSc_line_1cca93ea" custom="structure {type:default;}">
        <Coords points="3634,2030 3618,2044 3618,2065 3640,2070 3638,2034 3636,2030"/>
        <Baseline points="3618,2044 3638,2043"/>
        <TextEquiv>
          <Unicode></Unicode>
        </TextEquiv>
      </TextLine>

      
    </TextRegion>
    
    <TextRegion id="r1"  custom="structure {type:DigitizationArtefactZone;}">
      <Coords points="2857,3849 2802,3852 2316,3853 2227,3859 2088,3860 317,3857 279,3853 211,3853 162,3859 61,3860 34,3857 26,3853 0,3853 0,4159 22,4159 59,4169 124,4174 126,4193 4579,4193 4579,3855 4507,3853 4477,3857 4243,3857 3934,3852 2997,3853"/>
      
      
      <TextLine id="eSc_line_b9b8a825" custom="structure {type:default;}">
        <Coords points="3951,4039 4000,4053 4002,4053 4005,4053 4385,4042 4387,4023 4385,3990 3953,3988 3953,4021"/>
        <Baseline points="3953,4021 4387,4023"/>
        <TextEquiv conf="0.9544884219314113">
          <Unicode>Signatur:. LH 36. 1. 2. 1271. 147</Unicode>
        </TextEquiv>
      </TextLine>

      
      
      <TextLine id="eSc_line_60db20c1" custom="structure {type:default;}">
        <Coords points="331,4044 1135,4042 1137,4016 1130,3981 328,3983 331,4021"/>
        <Baseline points="331,4021 1137,4016"/>
        <TextEquiv conf="0.9825581831809802">
          <Unicode>GOFTFRIED NILHIEIM LEIBNIIZ BIBLIOTTIEX</Unicode>
        </TextEquiv>
      </TextLine>

      
      
      <TextLine id="eSc_line_464cc8fe" custom="structure {type:default;}">
        <Coords points="324,4114 1140,4114 1142,4081 1135,4053 321,4056 324,4086"/>
        <Baseline points="324,4086 1142,4081"/>
        <TextEquiv conf="0.986568069819248">
          <Unicode>NIEDERSACHSISCHELANDESBIBLIOTHIEK</Unicode>
        </TextEquiv>
      </TextLine>

      
    </TextRegion>
    
    <TextRegion id="r0"  custom="structure {type:GraphicZone-figure;}">
      <Coords points="3823,205 3820,221 3843,242 3852,276 3856,279 3858,294 3870,315 3872,335 3927,326 4009,323 4015,322 4016,319 4049,312 4066,312 4075,308 4094,306 4121,294 4123,289 4143,287 4167,290 4168,293 4184,297 4198,305 4213,307 4220,312 4302,326 4322,336 4336,338 4337,341 4393,347 4412,342 4430,330 4437,299 4437,270 4431,213 4420,194 4396,174 4386,159 4348,155 4337,146 4328,144 4326,140 4315,138 4312,135 4314,97 4301,88 4268,78 4263,74 4233,74 4221,80 4219,58 4173,49 4168,44 4147,14 4050,44 4010,43 3944,32 3926,28 3898,39 3889,45 3880,57 3880,88 3875,108 3871,110 3867,126 3857,140 3857,145 3851,149 3846,161 3833,175 3827,200"/>
      
    </TextRegion>
    
    <TextRegion id="r2"  custom="structure {type:GraphicZone-figure;}">
      <Coords points="3726,1585 3725,1592 3714,1608 3714,1618 3714,1645 3737,1646 3750,1651 3895,1659 3928,1681 4118,1663 4119,1660 4145,1659 4165,1651 4183,1636 4195,1617 4212,1575 4213,1534 4206,1516 4195,1502 4175,1488 4103,1468 4066,1434 4049,1416 4021,1412 3988,1415 3960,1451 3936,1469 3908,1482 3893,1496 3884,1500 3883,1504 3861,1510 3825,1526 3810,1529 3806,1534 3792,1536 3752,1553 3738,1566 3732,1580"/>
      
    </TextRegion>
    
    <TextRegion id="r3"  custom="structure {type:NumberingZone;}">
      <Coords points="4126,3444 4062,3571 4182,3577 4222,3457"/>
      
    </TextRegion>
    

    
  </Page>
</PcGts>
