4905 4524
623 87 2408 238 prctendum an non operae pretium sit ad omnia altius repetendus
495 168 2388 340 uti sola via constructionis seu generationis, nec ad hibere bincam lineam vel
1953 236 2355 356 videtur etiam
543 266 1805 404 aliud extensum antequam detur modus construendi
583 314 2363 467 onsiderandum, quod si congruentia unum si congruentia sint
593 371 2375 535 diversis locis, possit tans terri idem ad loca atrique congruum, ab uno ad
590 442 2426 593 aliud per mobum continuum item, quod locustunfurta habens puncta, habeat
600 492 2418 653 faciat continuum in quo tamen aliquid instantiae, ut in spircli infinities pepticatu
1840 557 2413 671 prunctum eodem mndo
595 585 1631 716 Hue ergo ax comati aliquid addendum.
578 620 2418 764 a habet in spatio ad omnes partes. videndum quomod hac exprimatur accuratur
573 678 2416 829 si velimus flexibilia  ad hibere possemus producere rectam; exquacunque linea
583 726 2405 884 quantum satis extense sed placet uti firmis ut simplicioribus jam si  firmis uta
583 786 2411 942 mur, possumus quidem concipere  extensum aliquod moveri duobus punctis immots
598 844 2385 992 ubi omnia puncta quiescentia cadent in recim granta vero puncta, quodlibet
585 884 2335 1055 vero punctum motum descibet cireulum, sed nondum demonstratum est, posse
560 942 2287 1103 aliquad moveri duobus ipsius punctis immotis. Assumendum ergo putavi aliquo
585 990 2390 1161 ssimplicius, e nempe, ut extensum moveri possit, uno tantum ejus puncto
605 1055 2400 1216 imato quod postutari pt, quanquam e sequatur ex puncti, quod immotum
580 1110 2395 1271 esse deber respectu aequalim omnes partes et spatii unformitate. Hoc ergo
575 1173 2363 1342 admisso, jam extenso assumabur punctum, atque d describat cujus mota
398 1229 2380 1412 quocunque dum unum punctum ininotum servatur, describetur linea. Postutemus jam
530 1294 2335 1462 omnis in motu descipt dectigium posse assumi hoc ergo connectamus puncto
543 1342 2388 1515 immoto, et (rursus expntatato) totum connexum imgoto eodem puncto maneate
555 1394 2333 1570 moveamus, et. habebitur superficies, via hujus lineae descripsa, quam
548 1435 2383 1618 rtremus sphaerieam. Hec autem rpatium claudet, seu ab ex dividet spa
525 1497 2395 1683 tium in duas partes, unam in qua est punctum immotum alteram talem
530 1553 2333 1739 ut ex puncto in ipsa non possit duci linea ad punctum  isc immotum
522 1590 2408 1794 seu erhiaerae centrum, quin superficiei occurrat. Nam quod ostendere oportebA
517 1666 2348 1849 Fet autem si ponamus e ipsam dea lineam quae sic ducta ab externo ad centum
563 1706 2358 1897 panltur centro immoto mogeri donec occurrat e superficiei supra dictae, qui
500 1754 2358 1947 facto punctum quo lineae, alius quo superficili vecarritu descripserit utique lineam quis
505 1804 2393 1998 so ipsa erit in eadem superficie sphaitea, nam prior atea per hanc ipsam inceder
510 1947 842 2040 potes, intelligi
1000 1862 2383 2000 spatui est cengsum. Hiac etiam demonstratur on
555 1955 1003 2076 nullam fassi dime
1138 1907 2411 2043 no superficie altiorem; porro duarum superficiem
263 2032 895 2156 pharicarm sectio communis
915 1967 2426 2093 stiata circularis) eodem modo se ha haberi pt, si sphaerae habeam
869 2045 1425 2161 partem communei
1498 2015 2335 2111 Ea erqu. con tabit ex punctis
175 2058 2335 2224 La se perdent, des Byonis  eodem modo se  habentibus ad A. 2B. pnam ob unanc
2089 2098 2423 2186 cadendum jm
462 2131 1769 2256 sphaeram se eodem, modt habent ad A, ab alteram, eodem modo
450 2148 2426 2317 duas sphaericas superficies non posse habere partem communem, s seu i communem super
457 2204 2426 2377 ficem Ergo quod commune est, esse lineam vel punctum. Utitumque fieri potest pro di
444 2251 2388 2435 versa sphaerane cangnitudum et; situ quod ifidem ostendendum, vau ostendendum
457 2302 2398 2493 sphaerae se tangant in puncto, id punctum esse situs sui ad centra phaerarum unicum
419 2420 1181 2553 et talia puncta determinari posse
1282 2367 2353 2505 infigitqu, locus autem eorum erit recta ostendi et
450 2407 2405 2593 potest eodem modo se habere rum ad punctaquaecunque ad quae se eodem modo
434 2450 2390 2661 habet A. B. mitaque rectra locus edum eit recta, si defoniatur quae eodem modo
439 2515 2390 2724 2 Ef in omne latas. Et similiter ostendebur omnere rectam esse in plano, si planu
424 2563 2385 2752 quod ad du cuocta eodem modo se Et. similitepue ostendetur plarum exse locii unicorum
383 2729 807 2824 ad tria puncta.
895 2628 2365 2779 ostendendum et non nisi  punctum esse quod omne punctum
2252 2714 2355 2792 ret
543 2664 2317 2862 relationis suae ad de quatuor puncta, non in eodem plano posita unicum
497 2724 2189 2943 ut spes esse udeatur posse sic via onstructionis ora accurate constatui
422 2777 2408 2998 descubatur punctum sliaa datum excentio dato sphaera daten sphonam langens
407 2827 2385 3051 obfinebitur se linea earcio centia comjungens moveatur, cujus aliquaque altinur punctum
422 2875 2393 3106 phaeram non ingrediens secoieb ad descibendam novam speoeram priorem tungente et quod
419 2920 2416 3146 lode eodem redit deein recta iner illa nona lae sphaerae, punctum occursgulsinu
409 2978 2403 3207 puncti est punctum rectae per centra. Et si quotcunque sphaerva concentricaer dataem in elli
409 3031 2388 3254 gantur, quaelibet earum hoc imido, dabit punctum rectae, itaque Et vicisam
1649 3098 2353 3222 ostendemum rectam esse linea
389 3151 1566 3312 quoderrus rectae punctum hoc modo determinabituer
407 3146 2385 3377 ho superficiem quias nempe, tot nec plura ejus puncta haberi possunt, quet
1526 3207 2350 3358 taec methodus vere seutifica per
407 3272 1324 3448 ssignantu puncta in linea descubente
407 3408 610 3516 tausas.
2680 67 4804 206 Axiomata situs, seu pure Geometrica solilibro primo praemisit Euclides
2622 168 4806 281 Horum demonstrationem exhibent proclus et alis intepretes, ut auturque descriptione circuli
2632 236 4834 356 quem ponunt secare rectam, in duobe a recta per diameljum bitariam decari, quod ipsum reserente
2637 309 4796 424 Thales milesius demonstras fertur, quea  odm ex eo refert proclus, supponens c
2569 364 4814 500 poctamen deesse reperio, quod de monistrationes quibus proclus et clavius estendere conantur rectas
2627 437 4794 575 non  compre hendere spatium, inec habere segmentum commune et post productio
2629 490 4817 645 post occursum se secare, supponunt eas esse in eodem plano, nam describitur cinulus
2634 552 4734 713 quem bisecant in cujus plano jacere intelliguntur. Atqid vide igitir  ea quibus
2649 623 4796 766 Euclidis in solidis uttar ad demonstrandum, duas rectas punctum commune
2642 678 4806 846 habentes esse in eodem plano, non supponunt, haec ipsa axiomata; t quod isa fit
2642 721 4832 939 utique optroclus et (lavius Pirculum (coqmis ere. quonda ergo Nunc defectum supulem tontabim
4462 809 4558 882 linec
2770 836 4774 1000 Recta est linea eodem se modo habens ad omnia latera; seu si punctum ita
2672 899 4819 1075 feratur per duo puncta trauseat, ut ad omnia se eodem modo habeat, quae ad quae ad duo
2672 965 4824 1161 puncta se eodem modo habent, erit recta. _ sint duo puncta A et B per quae tran
2674 1146 2901 1254 seat ligea
3084 1038 4822 1201 sint, quaecunque C et D, ita ut A et B eodem modo se habeant ad C
2443 1105 4811 1313 nabu plagunquo ad d  etiam Y eodem modo, se habebit ad C et ad  scilicet sit X A. B _C A.B
2677 1196 4806 1377 e sit X. A. B  c. A. B   _X Y et ileo Y A B Y. X  Y. C erit
2730 1367 2883 1457 recta
3172 1269 4781 1417 Hinc sequitur rectam quae per duo puncta trausit non nisi unicam
2695 1329 4806 1518 esse  Nam si duae plures sunt non possehis duobus punctis immotis agi, nam alioqui
2732 1382 4774 1558 moveri. Nam punctum quod in hac recta novetur duo loca habebit quorum unu haberi pt
2747 1430 4839 1626 prode alterum pro d. et recta sic aliter se habobit urg C quam erga d. quod est g des
2692 1502 4817 1678 Hinc sequitur et a duo puncto ad punctu non posse ducu duas rectas inter se congnentes, quiq
2715 1550 4811 1734 coincidant,e, mo quia scilo hactenus non deminstratum. Duas recta esse similes vel conguentes
3004 1651 3743 1756 sed Imo universaliter non
3881 1603 4827 1721 st videntur dantur duae rectae per duo
2692 1691 2949 1784 inter se.
2720 1648 4819 1819 eadem puncta transerales. Nem si punctum in unal sumatur pro C et _ etque _ respondens
2727 1714 4796 1877 patet rectam hop citem mmodo se habere ad D, quo ad C cm C sit inqu, quod si ei epondens punsto
2757 1771 4774 1905 respondens aliud punctum sumi non sis at patet rectea esse locum unicorum
2770 1812 4817 1983 aulet et rectam rectae esse congruentem, ex ase injus hoc loeo coincidem
2747 1882 4817 2040 tem quia per coincidentia depermitatur. et, ette loc ere unicum continuum
2946 1942 4804 2076 pur nisi, sed ostendendus tame ton Loci esse contimum non est dubium allud quad
3723 1998 4794 2111 iciem: sedtato quia aeter uantia non possint esse panctora
2793 2078 3268 2184 quam duo puncta
2737 2083 4774 2244 A sic ponamus praeter rectam per unica vactam, esse puncta
2742 2153 4759 2309 uunica, plura. igptur ducta recta unici per A ad B detur C ad
2732 2214 4791 2372 quod non perveniatur contnnando AB, et ducatur BC, nulles habens parte
2730 2282 4799 2455 lvem eu AA, situe BC recta misus, seu unice ducta. quod sipm a le c ad
3972 2347 4784 2468 habemus quod intendimus, semper
2770 2380 3851 2510 A non pt recta ducialia qua CBA
2752 2415 4824 2568 ergo, non nisi in eadem Jnea manebimns siu sit hrangua ABCA
2727 2480 4804 2631 utique aliter se habebunt duce rectae  AC, una per B, attera non, vel sunt simdles, si ho
2740 2553 4784 2704 ergo non futre unicae, si B dissinules. Ergo AC. imt debeat  eodem modo habere ab
2730 2606 4824 2777 alco tattre, omnilatere, debet dari V A(B). Ergo ABC non est unicorum, seu no
2780 2726 3125 2842 est recta.
2848 2704 4814 2882 Ex eo quod locus unicorum non nisi linea est, sequitur omne n non recta salvis duobus
2760 2767 4801 2968 punctis posse situm mulare. Hocau alium habere, et ex uno ad alium
2745 2840 4789 3048 grosse pervearre maneatibus cdrbus, iad est ore circa duo puncta, adeoque corca
2798 2973 3338 3098 recto posse moveri
4452 3018 4635 3103 versus
2825 3058 4776 3207 Definitio: Rectar est linea sita ducta per duo puncta, ut ommelatus
2632 3151 4635 3284 se habeat eodem modo. Ncpe curva autem est quae secundum latera difert
2700 3214 4741 3367 Schol. Hinc Rexcta non habet concarum vel convexum quidus differunt latera
2639 3297 4713 3430 curparum. Res autem ita exponi potest. Sint duo puncta Aet B per quae
2642 3350 4766 3506 transeat rectatiet sitit  sit punctum C extra rectam id latus, ad quod
2642 3420 4759 3571 sese habeant modo quocunque puncta propsita A et B item ; dico si eliud
2657 3483 4563 3644 sumalus latus, id est si aliud sumatur pnctum D, ec respondens ipsi C, seu
2672 3541 4814 3694 sumatur latus, eadem repertum iri, atque adeo  aliua ibi sumatur id est si aliud sumatu
2672 3626 4399 3772 punctum D, eodem modo se hatens ad quod sese habent puncta A et B,
2773 3717 4457 3835 Congruentia sunt quae eidem, cojnciere possunt loco coisdidere possunt
2720 3772 4849 3900 coincidentia sunt tenea quae eo aem tempore in eodem sun eundem occupant locum
2715 3832 4852 3976 occupare locum est ita in loco esse, ut ni hil sit  quo extres sisploci in quo aliquid olmpantis
2722 3903 4374 4036 congruentia sunt quae passunt esse in eadem loco occupare eundem locum
2612 3928 4854 4098 eodem modo se habent A B e; quotcunque, ut A, B, C, quo alia totidem  E, F, respondentia, E, F,
2664 4043 3534 4158 si extendum ictta unos  mter congr
4540 3634 4635 3742 20
354 4292 1209 4360 GOTTFRED NILMIEIM LEIBNIIZ BIBLIOTHIEX
4281 4302 4693 4370 Signatur: LH 36. 1. 1. 1301.120
351 4365 1201 4436 NIEDERSRCHSISCHIE LANDESBIBLIOTIIEN
