2742 4448
1024 830 1706 943 Duo puncta tixa A et B,
1720 830 2277 931 X unicum suae ad ipsa
953 901 2301 1052 relationis adeoque R stui peso x. A. Bs Z. A1 B. sit X ~
966 1018 1300 1106 erit X recta
1510 1069 2309 1186 Si in plano duo circuli centris
1466 1149 2245 1280 A et B descripti se langant in
1473 1215 2272 1344 puncto C, erit punctum
1490 1272 2314 1423 C in recta transeunte per Centra
1495 1386 1725 1475 A et B
1328 1425 2259 1561 si centris L et M descripti circuli
1335 1512 2272 1640 aequales se secent in puncto, ut N
1315 1576 2277 1707 erunt omnia hujusmodi puncta ut
1211 1692 1354 1814 N, (M
1453 1650 2247 1789 P, (P), Q, () in eadem recta
1199 1739 2395 1897 Ergo si punctis N et (N) per punctum pr
1201 1821 2378 1974 describentur circuli duo, ii se tangent in p
829 1900 2306 2053 Nam si secent sese in H et (П) utique П et () eodem modo se
828 1986 1935 2122 habebunt ad N determinative produitur
882 2041 2368 2179 Ex punctis L et M determinater linea omnium punctorum
668 2115 2371 2253 X eodem modo se habentium ad L et M ergo et _ linea punctor
773 2184 2282 2317 _ um duo in ea puncta ut N et _ p. Ergo et linea
791 2233 2368 2399 punc torum ad N et P unicorum. se quae si non effer
476 2300 2346 2503 quo pruncta xsi caderent in puncta Y, orirentur semper lineae novae, adeoq
749 2382 2329 2551 pun linea L et M producerent non lineam, sed superficiea
984 2466 2282 2618 Aliter planum secatur a recta gB in buo
1127 2518 2331 2673 segmenta utriaque eodemmodo se habentia. idem
1099 2582 2353 2747 fiat per rectam, necesse est rectas sibi occurrere
771 2802 818 2826 st
1074 2639 2343 2814 cum n alicubi in F, quia F puncta linea LM
796 2698 2306 2864 uut in utraque parte plani, ergo quia ipsa continua est, etia
2205 2755 2304 2839 no
727 2767 2158 2940 in communisegmento. H dio plan has duas rectas
555 2804 2309 2987 sibi occurrere nisi in un puncto pam si occurrant adhuc semel in g
546 2871 2319 3046 vel coincident FG et FMG seu duae rectae habebunt partem communem svel
561 2925 2252 3096 spatium compregendent punctum scilicet H incliment sane si recto
457 3046 1107 3138 cuilibet puncto ut M supra AB
1248 2970 2306 3108 adet N infra. ergo portio ipsius lineae LFM
2071 3066 2170 3139 st
182 4334 670 4405 eciasaenm ne vinocoanrione
182 4302 672 4403 Codinon rmunu mnomen
2089 4312 2544 4368 Signatur: LH 35. 12. 1. 11131.57
