5000 4265
744 191 1194 277 linea er duo puncta
1936 172 2092 239 diversa
642 182 2393 348 si recta a puncto ad punctum ita ducatur, ut eodem modo se habeat
630 258 2293 412 ad ad quae ad ea, ad quae duo puncta se eodem modo habent, est recta.
642 305 2445 483 sint puncta A et B, et sint duo diversa C et D, sitque A B. C ∞ A. B. d
630 390 2409 563 et s lineauq autem sit Y. et sequatur  hinc etiam esse A e_ Y, C
633 509 1322 644 ∞ V. D. erit Y . Recta.
672 514 2443 708 Esseci nn fallor, ut ad definitionem Homogenei careri possit simili,
1691 589 2405 696 Nempe homogenea sunt, quae
634 637 1545 781 namx considderatione similitudinis
627 642 2393 843 ita cu trans cum fieri pt est. per ns orrationem ut pars anjus
658 701 2390 895 coincidat parti alterius. Hoc ecesse est ob transformadio
637 765 2355 954 necessima _ ad  collationem gibba et planit, cum et recti; lincceque
644 829 2390 1004 curve et recta pro solido id opus non erat. Nam solidi ea natura e
658 881 2421 1073 duorum solidorum daorum partes congruunt idem est in duobus
672 945 2199 1130 planis, et duabas; rectis. pars quid sit jam definivimus
741 1089 978 1191 Ni la
1030 983 2426 1158 videndum in demonstrari possit, q si  duo sirnt ho
677 1049 2407 1265 mogenea unumque altero nec esse majus mtans, esse aqualia. aqualia
661 1101 2440 1307 autem sunt quae transformatione reddi possunt congrua vel quor
652 1151 2433 1374 eadem est quantitas seu quae sibi subsitui possunt. salva quantitate.
1924 1217 2445 1333 suit jam duo A et
661 1267 1895 1428 muiue autem est cujus purs aequalis est alterii tti.
661 1288 2412 1492 B. sitque A. nec minus quam B, nec majus quam B, videamus an possit
659 1355 2417 1559 isse nec vavale. sit ergo non aequale A ipsi B ergo nec congrua reddi possunt
660 1416 2419 1613 transformatione. Pars ipsius B non est a tra F Fiat transformatio talis,
661 1490 2466 1665 ut para ipsius A congruat parti ipsius B, et residui rursus et quae congruunt
677 1530 2462 1720 sibi appliciatur  ut coinci par transformationem accommodetur H H
677 1594 2407 1781 ad. A. ut alteratrum totum ut quamdiu est aliquid A in B et aliquid in
684 1644 2421 1836 B quod no cujus cujus nihil ad huc est accommodatum ad A, et aliquid ad hnc in A
682 1703 2424 1878 cujus nihil adhuc aeo cujus nihil adhuc accominodatum est ad B, continuari potest
682 1765 2407 1923 accommodatio, donec nihil sit in  vel ambo simul sint exhausta, eritque
687 1807 2464 1983 A aqu B, quia congi congri coincidunt, vel _ id quod nondum est exhaustum
701 1864 2459 2049 est majus, _ cum Parti ejus coincidat alterum totum. quod Unum tantum
706 1921 2402 2092 objici potest quod. fieri possit ut accommodatio continuanda sit in infinitum.
706 1971 2475 2146 s Osundandum esset ergo trans formationem fieri posse in duo solida ejusdem
410 2040 2457 2220 rectangula solida tateos; ve si siit super vel si line  sint in duo plana rectangula plana ejusdem
713 2130 1639 2278 baseos, vel si lineae sint, in duas rectas.
2699 236 4535 336 llavius in Euccide suo obes inte remsit demonserat
2601 272 4521 424 tres taubrem esse dimensi nes hot autem preftare credo qura
2611 343 4547 514 hoc aguressus fuerat in cam. ad sp haer johi a Sacrobes
4362 428 4573 507 es perpen
2606 428 4329 568 cap. 1.  ubi notat Res tantum esse dimensiones quia
2623 462 4518 644 diculares sese in uno puncto secare possunt quarum una quaevi ipossit
2616 535 4509 703 sumi pro longatudine; iltera pro latitudine terta pro profunditate ve
2613 580 4587 758 ut ego Malim dicere. Una pro consitudine cui compuracta alia faciat la titudine
3587 637 4552 751 Esse autem porro autem eres per
2637 687 3426 831 et itia acceddens pri tunitatem
2635 684 4509 874 pendiculares ad idem punctum consistire posse sic demonstrat. duae
2625 753 4521 950 perpendiculares  in uno puncto concurrentes su invicem cerpendiculares
2646 805 4563 999 sunt in eodem plano per secundam Xthi 2. uunderimi. Ad hoc Ex puncto earur
2646 947 3040 1044 commini excitetur
3045 869 4507 1009 recta perpendicularis ad planum per 11 undec Eit haec ad ubram
2649 914 4521 1092 uncrum perpendicularis ex. def. 3;  undec ostendanus jum nullim aliam pos
4023 969 4473 1052 ducatur si fieri potest
2654 997 3815 1144 dhi ad easiem in eodim puncto perpendicularem
2682 1111 2841 1184 quarta
2971 990 4554 1158 ut ea recta ad planum Ccum sit perperiricuraris ad duas pathes in plano)
2680 1047 4507 1229 hec per a vindec. Ergo Cum ergo Erga sed tertia etiam erut recta ad idem
2708 1087 4500 1267 planum in eodem puncter ex constructione praecedenti demonstratione serq ad
2696 1125 4563 1324 idem planum duae sun rectae in eodem puncto ex eodem puncto ducem
2661 1182 4535 1371 duio rectae lineae cud dem planum perpendiculares ad esdem partes per 13
2654 1281 3646 1442 undec quod fieri non potest per 13 undec.
367 4030 1232 4101 COFTFRED VVILHIEIM LEIBNVIZ BIBLIOTHIEK
4369 4035 4872 4110 Sionatur. 1tI 36. 12. 2. 12141.1020 c
357 4113 1239 4179 NIEDERSACHSISCHE LANDESBIBLIOTHEK
4229 3345 4295 3435 b
