4930 4373
109 323 284 430 a nisi am
104 383 306 483 aqualis
106 456 274 536 sint,
111 500 267 568 alterum
131 549 257 617 majus
119 587 315 690 alterum
2118 77 2298 167 assumi
410 121 2381 291 ad definitionem magnitudinum quaggenearum, id saltem a sumenium
422 184 2417 395 esse  duobres alterum dicrescendo unipimiter possit ad alterius magnitudine
417 264 2300 471 pervenire, antequam eu perveniat ut decrescere amplius unformiter non
442 306 2386 534 possit. Quod ideo addendum esti quia aliaqui etiam corpus decaescendo potest ad superfi–
415 369 2366 600 ciem pervenire ac decrescere tunc potest aohuc  sed non amplius ea unformitate
420 434 2395 670 e qua eousque decievit. Umforme autem deciementum est, cum oqualibus tempo
1448 483 2410 655 itaque duo Hujus jam definitionis corol
430 570 1307 726 arbus partes detrahuntur aequales
449 551 2354 789 lariam est homigeneae duo, si unum altero majus non set aequalia esse,
439 612 2410 855 si enim a et b si ate a non est majus quam b si alterum non est mujus
449 660 2395 918 altero,  ex si homogenea sunt, vel sunt aequalia, vel ab seu jam ejusdem mogni
464 723 2332 979 tudinis vel ulterum decrescendo potest alterius magnitudinem. Enx a si inde
454 791 2352 1054 detrahas l fit b, seu a-b =b Ergo a = b+ l. Ergo ap b contin
461 898 1977 1129 hypotesm cum ergo reliaquitur ergo ul sint aequalia
536 940 2349 1195 sed si definivissemus Homogenea, quorum unum ab alio quoties
1705 1005 2366 1139 eu sic conficietur sitit
455 1083 1557 1258 aliquotres detractum relinquit nocus se
468 1078 2344 1333 a =b- duo a et b. ho D s jam b detructuum aliquodes ab a relinquat t
1399 1132 2424 1304 Utique vel a potest detrahi, a b, vel bab a
2254 1243 2359 1307 ab
464 1229 1387 1409 quod sit minus quam b, i ajo esse -a
481 1190 2405 1469 alioqui non erunt homogenea. Utrumque autem autem vel utrumque ab utroque quod fila
488 1265 2196 1518 cum sunt aequalia se Licet autem casus detur quo utrumque potest detra
483 1294 2405 1576 ab atroque eo casu sunt aequalia, eo jam dissiuulate pergemus sultem enim
466 1353 2403 1654 tunc unum ab alio seliahiposse constat. ponacous ergo b detrahi ab a,
481 1430 2315 1710 detractione facta, vel restabit nihil, utique non majus quam b; quo casu
984 1515 2415 1727 nam ab si a-b =o fiat a =b (f quae proposili
456 1673 816 1788 erunt aequalia
454 1588 2429 1846 demopstranda esset separalim, demonstratur aute susponendo esse B4b-1-
437 1649 2405 1907 et aequalibus addendo aaequalia fieri aequalia, nam sit a-b + b = 0+ b seu abje
478 1703 2420 1955 nam ex a-b -e fit a -b + b -0+ b, seu abjecto o, et B-b + b fit a- b. Q
430 1761 2364 2028 unde patet has propositiones  ad perficientas demonstrationes is debere
461 1817 2395 2091 marsupponi o posse impune adjici et abjici, seu a +0 = a adeque et
801 1880 2349 2108 (nan quia a to = a anferendo equalia, frit a +o-o =a- et
2087 1979 2378 2094 Hinc pate
383 2045 733 2157 et a-0 = a
468 1928 2376 2201 abrectise sinistris, C et a-a =  unde posito a =b demonstratur a-b -c.
414 2026 1975 2256 nempe e in priore substituendo b pro pos altero a, ex posterisre
434 2057 2344 2317 etiam to = -o cum impuntis advantur abjiciantur nam adjiciatur +0 a
1644 2169 2381 2317 sed nunc in viam cedeamg.
425 2113 2335 2388 iortere se _ 0 = o a djicratur - Et i catere dextio fit 0-0-0 abjiciaturc
415 2242 1586 2453 a latere dextra fit o =-, ut proponebatur.
1596 2320 2356 2444 qqa edeo adjicio, ut ipsa
420 2242 2405 2519 retracto jg quod si jam detracto _ b ab a restat aliquid l, fet
1943 2383 2303 2502 Universim
415 2397 1538 2589 a-b -l. Ergo a =_ b + t. Ergo aB
410 2436 1674 2631 megnitudinum scientia seu Logislica recte tractetur
415 2461 2376 2716 autem  cum verum sit, si a sit in b, et b sit in a coincidere a. et b
1348 2509 2420 2682 et magntudo ipsius bin a, coimcidere magnitu,
403 2628 1290 2784 sequitur si magnitudo ipsius a sit in b
410 2597 2352 2864 hines. Magnitudines autem   extioni possunt per duas rectas, vel per
386 2674 2366 2925 duo tempora, ubi scilicet nuclum alud discrimem quam magnitudinis occurrit
396 2728 2378 3010 Sed nunc ad Enclidem revertamum (appletis q his quae Enclides
427 2891 1499 3090 ipriserat, ad ipsum Euclidem redeamus
488 2891 2359 3143 Arioma od avum est, sini quae congruunt aequalia sunt, i eice et
418 2961 2376 3211 Nempe congruentia sunt, quae aequalia et similia sunt ergo congueitia aequalia
444 3034 2315 3279 sunc. n est et  eft de congruentia sunt, quae no i us sito ad
447 3087 2398 3340 fentium discerni possunt, itaque unde sequitur et similia X aequalia esse, alioqui
1669 3158 2405 3304 x his seqlu tur alud Axcomas
449 3250 1453 3408 sola inter se comparatione discernerentur
461 3231 2315 3474 quoe ex congruentibus eodem modo determinantur, congnie sunt, alio qui
464 3270 2398 3551 priota quae conguentia possa posuimus, eo ipso discernerentum, quod eodem modo
1715 3423 1870 3517 majus
468 3442 1239 3598 racta harent disa discernibilia
675 3568 911 3649 oma
957 3418 2420 3644 nonum Totum sua parte cest, ex definitione nostra
456 3641 920 3738 demoestratur iti
962 3488 2403 3707 Majoris et minoris demonstratur itiem, hoc modo
471 3561 2383 3814 D sit a totum pars b.. jam t =b Nam quod pt nam pars utique
488 3636 2332 3889 parti totius aegralis est, nempe sibi, ergo pars lobo est minor. Totum
476 3700 2407 3962 Totum Omnibus partibus simul pumtis aequale est, si scilicet nullaem
85 1625 347 1703 Taliquid , et
75 1659 340 1749 F et a-b = l,
77 1707 376 1783 adeoque a=b+l
77 1761 303 1853 eritu ap b.
92 1802 352 1911 vel supererit
2660 66 4614 262 illae habeant partem communem ex ipsa definitionis et partium
2660 109 4616 327 definitione patet, cum percumna idem sit titum et omnes partes ponc ditaque
2670 165 4606 398 et eodti et adems utroque modo inte computatur quantitas usi ad  idem
3967 276 4657 427 13 14 ad doctimam
2665 335 3360 481 plus se semel cemputetur
2845 347 3928 527 His jam ace Cum vero 10 I, 12
2677 347 4677 609 situs perfineant, antequam eo pergamus absolvemus prius Axcomata
2694 437 4752 670 ab interpretbus Euclidi adjecta a 15 ad eo, nam et ipsa mere cogistica sine
3970 575 4713 726 A+m =n sit a =h
2492 493 4667 777 punt si ae qualibus ae qualia adjiciantur erit totorum excessus excessui
2706 648 3909 818 adjunctorum, aequalis 4+ a +b = c
3265 680 4577 840 Nam b per 1 et 2 fit a+ b-h-m =- c-n
2718 777 3202 874 erit c-p = b-m
2726 726 4689 954 sed a-h =0 Ergo  adjecto a-h sit b-m = c-n ut proponebatur
3729 855 3958 937 b et m
4009 835 4196 896 a et m
2825 896 3165 1025 si inaequal
3277 833 4752 1061 si maequalibus aequalia adjungantur erit g
2820 969 3170 1102 Axiom. 16
3926 1022 4009 1102 mei
2728 918 4689 1175 totorum excessus priorum excessui aequalis mampestum est nrihil hoc
2711 1003 4667 1253 ditserre a priori, neque enim refert quid prius aut posterius adjiciatur
2767 1071 4742 1336 itaque hoc potius axioma ponendum erat, idem est a+b, et b+ a
2765 1287 3190 1409 a +b = b + a
2893 1214 4728 1484 Expom. 17. Si ab aqualibus maequaliat demantur, eut
4397 1331 4738 1445 ncps
2762 1353 4380 1564 resituorum excessus excessui ablatorum aequalis.
2769 1399 4769 1652 sint aequalia a et h, seu a =-h, et fiat a-b-c et h-m-n
2784 1467 4784 1724 fiet m-b = c-n Niam _ c-n x a-b-h + m, et abjiciendo
3856 1564 4383 1717 sed hic supporet
2791 1654 3540 1785 a-h =0, fit quod diximus
4463 1712 4655 1788 n =-h
4721 1724 4769 1812 attu
2971 1615 4742 1868 sed hic sapponitur aliquid ad calculi demonstrationem
3766 1790 3829 1882 Ende
4103 1741 4356 1858 osprius e cnfelo
4230 1792 4747 1899 Ergo c M= c- h-1
2964 1805 3766 1965 veer sabtatom laus pmtrnssus F s n) idra cs  ac si pp
3360 1836 4179 1972 quia n= a- m fit  h + n = m
4502 1904 4767 1965 num  ab aliquo
2491 1880 2886 2023 Si caniduum sut uns
2854 1931 3158 2021 od sic ostendo
4645 1936 4774 2045 reddatu
2813 1848 4672 2072 fit h -n = m et h = m + n Ergo c-h = c-m-n ac proinde
3506 1933 4538 2113 cuiu. t at pop.  estei . si telarjm descntum
4492 1994 4597 2062 b6
2845 2006 3445 2128 C  a haC- n. erqu
2614 2026 3773 2227 imenstea superatur ie e an iss ae r os e pnumo a e ia s, ua
2842 2033 4670 2269 4+ c = -b +c. ergo Nam sit _ c-a - Nam si e a = h-b f.l
2845 2084 4718 2339 =-h + b er praeced sit Nam si a =-b fiet a = h-b posito
3299 2152 4706 2356 por praeced. fit-a =-h+ b _  id est abjecto h
2871 2300 3224 2395 h =0 ergo
2881 2356 3343 2465 fit -a = -h + b
2986 2397 3469 2548 +x igm. 18. si
3494 2261 4701 2478 si ab naequalibus naequala
4135 2351 4657 2502 excessus
2829 2427 4069 2643 demantur, eut residuorum exes
3851 2465 4674 2643 sit a -h et sit
2913 2521 3744 2718 esu du aequalis
4045 2548 4670 2699 aequalia a et R
2646 2655 2898 2762 abcaloru
3122 2621 3996 2776 sint in aequalia b et _ m
2786 2716 3071 2806 q
3141 2737 3168 2803 e
4013 2740 4563 2835 seu b-M = ba
2782 2648 4599 2876 et b-a f b a - h- m b-a = C et M-h = n
3020 2774 3936 2927 m b-c- b -m = c-n
2774 2861 2906 2968 fiet
3698 2774 4762 2954 et abjecta-a +h -o prodit
2820 2866 3588 3024 seu c- n = b-a - m + h
2823 2993 3161 3095 quod dixcuus
3472 2946 4740 3138 omne totum est aequale suis
2920 3031 3394 3165 Axiom. 19.
3637 3046 4708 3216 Hoc axioma proeocenpavimus
2789 3099 3496 3284 artibus simul sumtis
2808 3124 4723 3355 in additis ad Axiom. g ubi tamen probe notandum
2808 3192 4723 3452 est notavimus, requiri ut partes non habeant partem
3421 3253 4706 3469 R evera enim ea est natura partis et
2833 3376 3229 3508 immunium.
2847 3367 4458 3585 totius; ut idem sit poni totum quod poni partes omnes
2854 3395 4786 3632 Axiomi. 20. si totum totius est dupeum, &t ablatum ablati etia
2755 3474 4742 3704 reliquum seliqui duptum eut a = 2l et b = 2m etc  an erit
2769 3588 4378 3770 erit a-b = 2 ta 2, l-m Nam a-b = 2l-2 m = _ 2, l- m
359 4139 1214 4210 COFTFRED UILHIEIM LEIBNIIZ BIBLIOTTIEX
4286 4151 4730 4212 Signatur: LHI 35. 1. 1. 1361. 118I
352 4217 1212 4285 NIEDERSACHSISCHE LANDESBIBLIOTHIEN
4672 120 4706 205 ees
4196 3719 4684 3853 _x qu + xx inq s
106 1176 444 1287 quolies opus est
