4233 3044
789 324 2020 380 Ad lineam rectam non sufsint, ut inversa sibi congrua sit, sed adden
798 361 1204 417 ut nacessario actu congra
1368 366 2081 414 qquord ut inversa sibi congrudcta h
784 382 1215 459 sele quod sit uniformis. Na
1385 392 1951 441 est, sid poni potest ut suo ptio vessiqe
1970 409 2022 439 au
796 424 1290 485 congruat aCe, seu ACB ipso
1432 421 2076 473 inc autem ostendi neeris ne uniforucitas
783 451 1689 529 quidem sequitur, mb. gr cillipsi dimedia Elliptica itidem inve
1721 449 2029 510 potest: sed siquaves
789 470 1750 566 poctio inverti possit, sic ut suo vestigia congrua sit, linea uniformi
781 495 2058 602 A Aeque destant a dato puncto ad qua a dato puncto eadem linea
783 563 2078 666 osi una linea puncta A et B sujs extremi jungins etiam puncta L et M ss extre
828 580 953 644 tiigit
991 534 1970 624 sqvae n quae puncta connecti linea ea et inverso situ connectet.
779 596 2080 701 mnis junget, sequatur quam quis lineam suis extremis A et B jungentem etiam
783 637 1995 740 2 et. M. sais extremis jungere. sed hoc more retur demonstrari
842 732 854 779 s
867 676 2031 777 Magis distat punctum ad quod eadem linea pertinginon potest.
794 711 2066 811 ses e ed coq quii per majus absolutum aliquod intelligimus
818 754 2019 845 etinptio non satis faciet copo nisi conptet quae secundum unam pertina
2046 720 2073 823 e
815 789 2026 887 mongis pare deprehenduntur, magis distant etiam secundum
791 816 2066 935 quamvis perfingentem manis distare nec indinere distantiam facere per–
789 887 1427 979 smgenti tiegentia sed inditare
903 925 1905 1029 Neguante recto in naumat incidunt
835 958 1965 1080 Quae nec magis nec minus distant, aeque distare oportes
1378 1029 1449 1072 qua
821 1003 2033 1126 de que distant quorum eadem  est minima conne cus
804 1060 1860 1168 a sin major unt minor magis aut minus distant
801 1099 1865 1217 An ostendemus esse minimam connectuntem, sate quia
786 1121 2066 1273 quod dantur minus distantes secundum unum pertiogendi modu
867 1170 2073 1308 Mrinima, sic qua non minor, alio sensu sic in arca circali
804 1222 2034 1347 inter duos potos interceplo, qui est semicirculus magnus. sed
820 1253 2063 1401 se exclud utur etiam aequalis, res sicus est, ust es hocstasu
1807 1334 1943 1396 nat
815 1405 1082 1476 lano datur
796 1452 921 1500 tu
906 1369 2000 1533 si duo recta puunctae in planum incidunt, quodvis
811 1440 1867 1591 aliud ejusdem rectae punctum in idem planum incidet
825 1500 1873 1635 Recta ubique plano congruit sea in plano locari potest
865 1535 2078 1675 quae vis lonea plana subius locari pt in plano, seu pra-
1405 1582 1956 1674 et id est adene quas na
1736 1628 1794 1664 de
825 1640 1611 1721 um sibum ubique coneart isius extrum:
1332 1677 1349 1704 es
818 1677 1217 1763 non magis dista
886 1635 2061 1789 problemate quo docet Euclides a data recta ab
842 1665 2041 1838 Senddere partem datae aequalem, quando id fieri haec potst
860 1719 2071 1877 seu quando haec non major est; verificatus super–
862 1760 2076 1922 posctlo. Neque enim aliud est quam a recta quibus superpo
894 1807 2061 1993 dendum B abscindere aequales his quae sunt supet
1258 1888 1545 1971 ponendae
2234 339 3252 397 planum est sectio solidi utrinque se habens eodam modo. itaque
2151 370 2595 439 uni 1. plarum, alisqui s
2601 365 3331 417 pars non sc eode modo haberet tunc nectutu
2135 422 2220 480 ina
2250 404 2425 451 glauum est.
2648 400 2724 441 odem
2812 397 3170 437 se hanantium ad deo pum
2252 409 3365 488 Recta est sectio plani utrinque se habens eodem modo itaque
2174 466 3428 551 itaque pars recta est recta, nam et ovc feono punt es, tt nisi ntrimus
2269 517 3433 608 eodem modo se haberet pars, quae est in todepa tc
2800 554 2819 600 e
2269 573 2607 652 modo haberet. Et
2240 578 3384 701 circulus est figura plana cuius extrema aequidistant ab uno
2249 652 2775 737 puncta, quod centrum appellatet
2844 647 3050 717 plani plani
2193 715 2376 762 cuccer
2453 673 3412 786 rrecta est locus punctortu eodem modo se hibentium ad duo
2487 715 3417 825 quaedam puncta. Nam si sit punctum A ab una parte
3130 766 3409 860 tum possr et
3128 806 3282 848 ex sum
2369 868 2460 931 i
2499 865 2780 904 heqaado in
2839 867 2966 896 u ne
3025 832 3400 908 et in plano eodem
2323 870 3027 965 unitum quod cili nallum aliud recprou
2284 879 3218 1012 modo se divens ad rectam, cadit in ipsam rectam,
2269 919 3417 1060 itaque omne purctum quod est sut ad plani quod est suae ad rectam
2263 962 3389 1111 relationis unicum ladit in rectam, cum in alterutram partem
2265 1070 2572 1144 cadere non possitq
2310 1033 3377 1187 Ruese omine punctum rectae est suae ad rectam relationis
2264 1070 3426 1242 unicum. Itoc per se patet aliud im cum aliud vel ad hoc ipsum
2260 1121 3334 1290 aliter se habe, ergo ad aliquod quod in recta. Ergo ad rectam
3077 1254 3165 1298 sau
3096 1227 3135 1270 on
3226 1207 3346 1298 d est
2286 1193 3113 1330 Ergius edem est recta et locus omnium puncta
2269 1254 2908 1374 rectam relationis unicorum.
3198 1300 3360 1376 plano
2267 1254 3368 1425 etiam totus simnium punctorum suae ad duo puncta it
2264 1342 2973 1466 recta sumta ralationis unicorum.
2284 1346 3360 1511 E Ergo recta est recus omnium punctorum suae a
2257 1391 3378 1560 duo data puncta relationis unicorum. Ea autem eode duo
2264 1434 3384 1598 puncta caduet in ipsam rectam, nam quodli A. est suae ad
3123 1518 3406 1591 in eodem plano,
2283 1466 3428 1660 A et B relationis unicum; cu n sit pua ad ut relationis patu
2245 1640 2401 1696 unicum.
2305 1569 3370 1723 potest exum dici rectam esse locum omnium punctorum
2277 1611 3406 1777 t
2327 1751 2365 1816 ti
2403 1740 2626 1811 nam
2634 1664 3375 1785 lacus punctum contactus duorum
2261 1706 3426 1873 circulorum est locus est punctum suae ad entra relationis
2256 1753 3421 1916 unicum. quia alioqui circuli sibi occurierent in pluibus
3309 1878 3385 1924 miot
2234 1806 3297 1954 puactis inc habetur constructio circuli per puoct
2922 1910 3028 1948 a2
3057 1885 3282 1954 priime E
3235 1916 3326 1973 timates
2272 1833 3409 2000 ectae per puncta, seu modis inveniendi oteunque puncta
2305 1993 2372 2036 don
2492 1934 3028 2022 in directum sita. H licer der
2913 1973 2944 2007 a
3033 1946 3380 2025 in duobue punctrs
2550 1992 2968 2076 etiam rectas sibi ocut
2315 2022 2480 2096 Hinc pa
2209 1980 3419 2140 redasi non posse occurriac. Hinc datis duobus puncta
2973 2063 3409 2154 le duoptu suo puncta
2209 2020 3406 2191 in rod data est recta interminata. Hinc duae rectae non
3093 2108 3395 2178 claudunt nec
2220 2108 2957 2230 in prectum aceutes non possam inoret
2225 2140 3067 2269 communica. itaque dua rectae n patium
2225 2151 3428 2320 parte contunem habent, nisi in direcum jaceant partem commune
2234 2288 2299 2335 pors
2338 2205 3440 2362 datacu denerea cura codngetur rectum ess ffolte locums prci ad dua puncto
2291 2338 2604 2390 relationis nnr
2233 2012 2347 2066 itite
2122 1724 2287 1785 desini hodii
2106 1697 2215 1724 etrero
2110 1711 2206 1755 eaquata
2112 1765 2190 1809 ectas
2112 1792 2178 1834 t
2108 1846 2196 1890 sedihic
2117 1873 2190 1914 uppo
2117 1892 2193 1934 utur
2132 1917 2186 1954 uon
2117 1941 2191 1980 arcuro
2125 1966 2168 2003 a
2137 1988 2169 2042 us
2179 1946 2212 2036 e
2134 2010 2249 2069 Etatum
2117 2046 2206 2115 temotu
311 2851 1031 2903 COTTFREDVILHEIM LEIBNIZ BIBLIOTHIEI
3595 2861 4036 2910 Sionatur: LH3S, I2, I. NIOI-SOr
312 2915 1040 2969 NIEDERSACHSISCHE LANDESBIBLIOTHEN
3204 2281 3285 2341 uo
