2142 2840
541 336 765 408 perir.
852 312 2017 403 On travaille maintenant a un
528 405 1985 489 exemplaire en grand, pour multiplier e
533 484 1958 571 chifrec p 8 chefres. Un grand nombre
541 568 2003 667 y est multiplie ausoi tos, qu'un pelit, ebla
473 661 1987 757 divisions eot aussi aisce que hu multiplicetione
516 752 2007 837 La machine de M. Pascal n'est propremen
533 820 2032 923 que la machine des additions. Messieurs Morta
530 888 1985 992 ce Grillet y out soint la Rhabdologie, mise en
533 964 2001 1068 roues, ainsi la Rsabdologie donne des maltiplica-
533 1031 1968 1145 tions, ce la machine de Pascal les additions
527 1120 2004 1235 auxiliaires; mais se n'y trouue que peud'auan
533 1189 1954 1307 tage D epargue l'employ de ce qu'on
538 1278 1957 1390 appelle la Table pythaoiise qui oommence
555 1360 2018 1462 per  fois l est I, mais la multitude der pelitet
536 1446 1992 1554 additions rend celle maniere de calcul aussi
541 1532 1460 1626 longue presque et Sujette aux
1529 1555 1993 1642 erreure que le
544 1615 1944 1713 calcul ordinaire. Aulieu que dans ma
541 1692 1210 1784 machine l'esprit ace
1231 1702 1736 1800 fait presque rien
467 1778 1973 1891 infaret commedit Mons.Matehion pour ne dire
1748 1737 2020 1816 er un en
538 1874 1357 1965 un finge) pourroit supre
1450 1882 1963 1980 des Trandissimes
539 1954 2001 2043 multiplicatione. Ie serau ravi cependant d'apprendu
550 2027 1941 2122 ce que vous aves encor fait sur ce suget et se suis
542 2092 830 2177 avec zele
549 2178 1016 2287 Monsicur
3 2532 2138 2630 GEEVEBAAIIINQQQmSQpmAQm
1145 2625 1215 2679 2O
1256 2619 1447 2682 LL I2
1494 2619 1556 2679 LS
1610 2620 1674 2677 L
1748 2620 1788 2682 LE
1854 2620 1917 2680 26
146 2729 530 2772 COTTFRED MIIFIEI LEIBIUZ BIBIIOTTIEX
1527 2734 1939 2783 Signatur. LH 3S, 4, 20, (14).6V
126 2759 541 2803 IucocrsictISISCHIE LaMOESBIBVOMER
1383 2208 1976 2319 voslre treshumble et
1393 2290 1973 2380 tiesobeisant servileur
1722 2350 1969 2439 Leibni
