4859 4253
2982 86 4809 219 Flabellum instrumentum, quo fit ventilatio per aestatem ad refrigerandum corpus. J. L vel instrume
2970 153 4372 255 tum tenue et latum, factum ad frigus per aëris motum conciliandum.
2970 226 4818 375 Flagellum summa pars arboris J. L ex Servio Flagella virgae sive capita minorum sarmentorum, ub
2982 295 4785 425 nascitur uva. Virga, qua caedi consveverunt servi J. L. summa palmitis pars. summa pars arboris, qu
2980 352 4802 484 ventorum crebros sustinet flatus. summa pars virgae, quae cum flatu et crepitu in corpore sonae
2977 408 4781 552 M. vel est instrumentum ex materia lenta et flexili factum ad eos, qui mali quid commiserunt, p
2968 470 3107 548 endos
2970 541 4802 701 Fligere est verbum antiquum. deonsum dejicere, cum impetu humi jacere tanquam corrumpen
2970 614 3195 701 dum M.
2984 694 4797 824 Flare ciere spiritus calore humorem diffundente J. L. halitum ex ore emittere M. aërem in
2970 760 3693 857 ore collectum vi quadam expellere.
2970 836 4804 1001 Fluere dicitur de aqua, si aliquo fertur M ex Seneca. latius diffundi. H. vel dicitur de
2977 912 4792 1070 liquore, cum ex loco superiore in inferiorem decidit, aut alia loca, quia se ipsum continere non p
2975 985 3280 1079 est, occupat.
2982 1058 4804 1202 Fluctus aquae discurrentis moles atqe impetus J. L. vel est aquae agitate evolutus acervus, au
2987 1138 4762 1261 aequor aquae frangitur. H. cutnulus aquae ortus, quando aqua vento in aliquo loco cedit
2975 1202 4781 1346 ut proximè adjacens pars ejus elevetur; ac postquam semel sublata est, atque iterum decidit
2977 1264 3868 1379 reliquae aquae eundem motum imprimit.
2977 1358 4525 1464 Flumer vide amnis. flumen idem fluit et manet: fluvius temporibus
4563 1403 4785 1512 accatur H
2984 1420 4790 1568 flumen est fluens aqua M ex Seneca. collectio aquae ripis suis contentae, ab uno loco in alium
2982 1483 3585 1592 prolabens et sese extendens.
2982 1575 4807 1736 Fodere cavare et quasi foras dare J. L. fixo instrumento aliquid eruere; palâ aliove ferra
2989 1649 4677 1798 mento terram aperire et egerere; foveam facere M. vel est instrumentum acutum
2980 1708 4667 1852 quam latitudinem ab anteriore parte habens terrae imprimere, et quantum terrae illu
4703 1722 4804 1814 et al
2982 1769 4804 1942 cum instrumento elevare, terramque inversam iterum in locum priorem vel etiam in aliu
4672 1788 4799 1890 d capit
2973 1835 3199 1951 dejicere.
2975 1944 4804 2133 Fossa receptaculum aquae manufactum ad castra, urbes oppidane munienda J. L. locus, und
2977 2013 4558 2178 terram foderant aquae concipiendae causa. sive quae fit ad recipiendam aquam.
2975 2081 4596 2249 fundus fodiendo excavatus, terrâ inde desumta in locum prope eam conjectâ
4610 2105 4804 2206 locus pro
2980 2209 4797 2379 Foedus est pax quae fit inter dimicantes J. L. ex Servio. vinculum necessitudinis, quod priore patrocinis
2977 2291 4802 2433 quis contraxit J. L. quod jussu populi atque senatus auctoritate per Fecialem Sacerdotem solemni rita ferieb
2982 2350 4788 2495 H. vel est amicus status inter foederatos sive ante fuerint inimici sive non M. vel consensi
2982 2417 4329 2523 quorundam ad bonum aliquod acquirendum aut malum avertendum.
2980 2497 4802 2700 Foenus naturalis terrae foetus J. L. ex Festo. foetura pecuniae parientis atque inerescentis J. L. nur
2980 2577 4799 2759 morum foetus, partus pecunia H id, quod ex mutuo penditur sive partus mutui sumti M. lucru
2975 2646 3778 2759 quod ex pecunia mutus data ad nos redit.
2982 2736 4828 2906 Foenum, quod sine cura foenus praebet J. L gramen siccum. faetus terrae sponte nascens. gra-
2977 2802 4613 2965 men resectum M herba pratorum desecta et arefacta ad pabutum bestiis praebendum.
2982 2894 4825 3097 Follis quicquid ex corio factum est, ut impleatur. vel instrumentum, quo attrahitur ventus atque emittitur
2982 2972 4790 3154 ad ignem excitandum. pilae genus ex pelle vento inflata compositum, qua pugiles antiqui utetantur
2977 3024 4818 3229 vel instrumentum, quod diductum aërem intra se colligit, quem, si comprimitur, vi iterum eillit
2980 3133 4523 3312 Forceps instrumentum fabrile, quo foruum, id est, calidum tenetur J. L. ex Fe
2989 3213 4537 3371 medicorum, quibus dentes evellunt vel spicula vulneribus extrabunt: vel fabrorum
4575 3248 4825 3362 Forcipes sunt
2977 3265 4811 3449 ignem aliudve quid tenent. P. instrumentum quo fervida capimus, ut sit vice manuum
4568 3324 4814 3409 quibus feirum
2975 3331 4816 3522 attingendo. quo candens ferrum tenemuus M. ex Nonio. vel instrumentum, quo res fortiter capiti
2980 3409 4811 3593 vel instrumentum ex duabus ferreis contis, in anteriore parte curvis connexum, ad res, quae n
2980 3475 4811 3662 teriae alicui durae firmiter inhaerent, et apprehendendas, atque ope ejus ex priore suo loco ex.
2973 3544 3249 3636 trahendos.
2961 3617 4811 3782 Formosus qui decora specie, et apta totius corporis compositione sive habitudine excellit. Pul.
2973 3700 4672 3825 cher qui est egregia facie aut splendido ornatu; sive pulcher est colore vel ornatu cultus
2977 3770 4582 3863 Formie, id est elegantiae plenus, vel cui calor sanguipis ex rubore pulchritudinem concil
2970 3822 4473 3891 jus contemplatio jucunda est, vel in quo est conveniens partium structura coloribus debitis
4646 3818 4759 3877 M. cut
4492 3841 4511 3895 n
4291 3867 4343 3891 d
3410 3865 4454 3898 e o eptac extideevita
345 4030 1202 4092 GOTTFREDVILHEIM LEIBNIIZ BIBLIOTHIEK
4201 4037 4660 4094 Signatur:. LII 4. 7D. 2. 1202I. 270
340 4101 1205 4165 NIEDERSACHSISCHE LANDESBIBLIOTHIEK
4605 56 4677 129 28
