2391 4083
449 192 2300 313 port, qui fera que ce sera la mume chote a ceb egard comme si l'arbre estoit
446 294 2341 399 immobile et en repos. Et il n'importe point, s ert encor oblige de donner
1463 254 1928 335 si lecelindre Imnopa
446 385 2316 489 le même transpore en même temps au cylindre suimant et s il y a en
1928 365 1980 426 a
442 460 2307 564 anoit jus qu'a douze ou 30 desuite, ce ne seroit pas plus difficile, cartous
449 530 2316 651 ces transports commencent et finissent ensemble les pieces ertant deja prestes a se
453 626 2320 719 toucher, immediatement anant le transport; et lune ne pouuant marcher pas que
2132 601 2214 655 san
455 691 2334 802 quubes les autres marchent. et pourlaforce desupposem ouce t'homme qui tourne
460 771 2341 875 en a asser, pour ex faire aller encor um bien plus grand nombre de preces) si le
467 846 2352 957 cylindre lmnopq. ne recoit seoint detransport du precedent et si son arbre 2A2D ert engage
467 934 2343 1032 dans le grand mouuement Parbre et ce cylindre iront ensemble necessairement, parce
469 986 2345 1095 que teves lecylindre est uni a son arbre parte mopen dela cheville LE toutes
474 1066 2343 1181 les fois, qu'il ne recoit point de transpors et par consequent il ira anec P'arbre
1492 1057 1685 1109 aigue cde
478 1140 2322 1258 soit quu'il clonne encor un transport au cylindre suivant (qui sera sans donte
474 1224 2273 1358 obligef de le receuvor) ot qu'il ne luy donne point: en quel cas toute la
476 1311 2350 1444 dlifficulte cetse cl'ellemême. Commeaussi clani lecas oule eyylindre _
471 1406 2352 1549 se ub ne recoit poipt de trans port etsonarbre n'estpas engage non
485 1492 2352 1649 plus clans le grand mouvement, caralors le cylindre anecsonarbre seront en
487 1610 1354 1753 repos, et sans action ny passion.
478 1687 2325 1848 Voila tout ce que je croy necessaire de dire pour entendre les preces
489 1789 2318 1930 ee leur usage. J'adjoute seulement les remurques sicirantes. que M.
489 1875 2309 2027 eliuier soit fuire marcte ffictibnunt les trancgrants avan que de
499 1982 2354 2095 venor aux autres choses dela machine: que toubes les pieces doiuent servir
503 2061 2359 2198 egalement soit que l'on tourne ou rebourne. Ce qui ne serapas difficile
501 2154 2347 2288 par les voyes Tubeites. Eu il tache en travaillant dlese remettre dans
503 2247 2361 2384 lesprit plusieurs remargues que nous pouuons anoi faites sur lecletait
503 2349 2343 2477 des autres parties delamactine ge ne parte pas de P'addition partemoyen
514 2442 2350 2560 des touches, parce qqeit en est atsez informe: Nydes preces necessarres
530 2540 2352 2663 paur la multiplication perce cqeit r'va quasi rien a charger si non
548 2624 2368 2744 a l'egard dela commodite ou de labeante. Al est bon que les dents
548 2717 2368 2835 inegales ayent. cles differences un peu notables a fin que le moinore
546 2812 2288 2921 all detraguement ne fate d'abord manguer lamachine car il
560 2894 2356 3016 semble quia present les falibes ne pourreient venir que de cela.
562 2971 2329 3116 Al se depechera autant qu'il luy sera possible parce que ce sera
562 3080 2334 3205 son propre arantage, s it y a quelque chose de douteux il fera bien
800 3148 1061 3223 de bounehieu
562 3175 2366 3300 de mel ecrire et s expliquer parcles paroles, et parum peu dle figure
571 3268 2359 3379 comnii il pourra, car fe tachercus ele devirer ce qloit voudra dire et
553 3348 2361 3486 delux satisfaire sur toutes les difficulter qui pourront naistre
163 3960 594 4005 COFTFREO LUTIEIM LEIBTIZ BIBLIOTIIEE
1792 3960 2180 4019 Signatur: LHI 42. 4. 1. 1161.8
165 3992 587 4051 NEOENSACHSISCNE LxIOESBIBIIOTE
