3866 2622
320 113 1918 208 eria part. Diac le dit arbre 2A2B. porte premierement deux pieces
420 199 1879 281 fermemene attachees an dit arbre scauoir la rone dentelee G
410 262 1892 356 (qui est de x dens dente, et qui doit estre menee par la roue a dens
448 327 1168 428 negales, comme je viens de dire p
1217 337 1287 406 us
1329 317 1864 393 la roue ou piece ronde
428 388 1187 485 et unie et sans detts, manguce de
1216 394 1283 450 t
1803 353 1892 441 s
1219 429 1327 490 cloeville
1353 380 1764 448 arguta tame
1405 403 1924 487 fichee daaplecollesLR LR
431 454 1922 552 _, et qui est percée, a fin que la prece LZ, puisse paster a travers
455 525 1230 601 e+ Ie mettre entre les dents de la rone
1255 518 1877 594 (10) pour joindre termineat
1418 534 2228 616 ors que le collet LR est proche de la piecetondem
439 584 2125 672 artrem eetia 2A1B, an cyliudre Imnopq. comme expliqueraus nonderis
400 638 1867 719 cyapoes Car en deuxteme lien di i Arbre 2A2B. pere outre
434 699 1863 795 les pieces fermament attactioes porte encor un cylindre
420 756 1911 846 creux et mobile a lentour de l'arbre scanon Cmnopus. Et le
442 823 1883 903 dit cyliadre mobile porte luus même deux pieces qui luu sont
413 888 528 977 teu
544 911 684 961 ement
603 939 703 980 od
683 910 718 955 d
739 884 1886 977 Hactices, ot qui sont mobiles avec luy Scauoir
419 946 1874 1042 la roue dentelée marquec de (10) et qui a dix dents, et
431 1013 1909 1107 le grand roulean creux marque de pg qui porte les chiffres
434 1073 1855 1172 il y a un petit ressortu aqe dans le  creuo de ce grand
592 1128 1334 1193 et pur coxsequens ixdisible dans sed de
415 1143 1942 1236 rouleam, qui le fis teniu ferme sur tarbre et qui le fait demenre
392 1194 1928 1289 a lendroit o le cylindre mobile  lors qu'il tourne a l'entour
419 1257 1868 1351 de l'arbre demeure ferme a l'eudroitua HC est pourguoque il faudroit
412 1308 1886 1399 une petite ronc a dix dents dans ce meme creux qui seroit attaches au
412 1360 1874 1453 cylindre mobile in an grand roulean, si le ressoit est sur l'arbre;
402 1414 1873 1506 on qui sera attaches a l'arbre, si e ressoit est plante sur
403 1465 1903 1557 le rante dans seo dans ed sur le dedans du roulean. On se
404 1517 1918 1615 pourroit paster de cette petite roue, et de ce petit ressort caches
400 1568 1884 1660 duns le creux du grand rouleau, sisun autre petit ressort attache
387 1618 1877 1717 contre un eadroit immobili battoit contre les dents de la roue (10) mais
399 1682 1928 1771 ontre que nons n'auons pastrop de pluexlace, et que ce qui est dans
394 1734 1924 1819 le crego n'embar asse nullement, cela angmenteroit encor la difficulte
399 1785 1876 1877 de tourner. Car a pague moment cl petit ressort battroit, an lieu que
399 1833 1935 1930 qu'estadans le creux il ne bat que lors que le cylindre se separe
25 1903 225 1995 tourne si
243 1903 326 1982 ans
374 1887 1883 1982 de l'arbre, ( Cest a dire lors que le cyliadre recoit un trans port
400 1938 1893 2043 pendant que son arbre est e jage Aten mornement, iest a dire
294 1992 1909 2093 ls quela pur engage dans le grand monuement par le mogen de la rone
422 2049 1318 2132 26 menee par la roue a derets inegales:)
1431 2034 1919 2109 En fin le dit cylindre
272 2087 1873 2183 mobile Imno porte Proche de l. unc piece V la quelle fois que le dit
415 2152 1838 2247 cyliidre a fait untour, fait le trans port sar le suiuant, en
26 469 388 534 A lote gnesce rissort
27 509 403 587 LR est presse contre
26 572 343 627 tod piect. et a
26 604 364 672 a lasquelle il est
27 652 324 724 Machae embas;
36 1290 321 1350 Non d esti mene
1936 300 2252 383 quo  expliqueraus
1982 367 2195 422 ex apress
2085 43 3774 150 donnant contre l'etoile 2 T. comme je dirau cyapres lors que I expliquerar
2282 110 3801 215 le monnement. Apres l'explication des arbies AB. Qui sont
2273 174 3748 284 les principanx, il fait expliquer encor les autres, scauon
2626 240 2655 276 ed
2285 233 3762 349 Cdu ct FF . Et x em Lop aptres Cid cd 2C2d-
2280 300 3780 420 portent letoiles a T, 2F, de six denti chacune; et les rones 1S, 2S,
2270 359 3822 476 chacune  de 30 petite dents. Enfin les arbies 1E. F et 2E2F
2294 435 3739 534 portent lepignons margues de X de six dents chacun; les
2300 496 3730 607 pteces dmarguees de 1y. 2y qui seruent a battre contre les
2174 562 3804 671 dentstessioues margue es de (10): et enfin les picces iFro, Fco. quine
2278 626 3597 722 se trouuent pas dans le modelle et que j'ay adjonts es
3313 667 3482 719 oblico
3660 614 3822 684 un lesa
2286 707 2572 772 raisons, que
2333 753 2419 808 queti
2469 744 2900 802 0se bes quiara
2592 674 3825 772 se ditux, yapes maintepant e ramgenet meme
2929 731 3316 788 dans le modete
2291 744 3788 846 itereste hac considerer lles soutiens des arores. Ces sont
2276 840 2732 910 trois harres, t O.
2777 827 3175 917 et t, et 8
3182 824 3812 904 la terniere est basse,
2273 887 2486 968 ladernier
2568 895 3807 989 est basse, par ce qu'elle porte sentemens les arbres
2272 955 3766 1050 bas, AB; par le bout A. la seconde At. est un peu hante
2272 1022 3823 1109 et comune suspendue en l'air (quoyque le dessem, ne l'exprime pas biens
2268 1082 3816 1169 parce qu'elle porte les arbres (qui t pe plus hants, que les autres
2279 1160 2321 1213 eo
2383 1134 3775 1230 Ed EF (qui sont un peu plus hants que lis autres. Et la po
2270 1198 3788 1293 de regne de hant en bas, parce quselle porte en bas les bouts B.
2273 1261 3801 1351 des arbnes bas, AB; et parce qu'elle porte aussi en hant e les
2275 1319 3809 1411 bouts d, F, des arbres de dessus, sgauor Cd, EF. Outre cela il
2268 1382 3788 1479 y a quilqus chose de considerable a expliguer a L leaud de cette
2275 1455 3816 1538 barre c Qui se doit trouer sur cette barre Og. et que juge
2247 1504 3739 1600 apropos d'adjonter icg dpns cette description, quoyque elle ne se
2247 1567 3813 1644 troune pas dans lemodeller et pax tout a fait dans le dessem
2244 1619 3777 1704 scauoit il fant que la parte O suit comme percee ra l'eudrvit
2243 1673 3828 1759 marque de D. qui repond a larpiece H ou a son ressort LR. Et dans
2243 1723 3794 1813 cet endroit il y aura une endineree ronde, en forme d'aunean ou corceau
2243 1781 3845 1864 DD. contre la quelle donne lebout L. du ressort LR, ce qui oblige ce ressont
2243 1838 3845 1914 de demeurer cgnsjones, tpresse contre la roue unie,  et de faire enfrer
2244 1889 3851 1967 sa piece LZSentre les dent de la houe (10). Excepte, un seul cas scanoi
2244 1941 3826 2024 lors que lecoliudre lmnopus doit tomner vans son arbre, cest a dive lons que
2247 1997 3848 2071 le cyliudro recoit un toncavit peudant cue la roue 2G deqarbre est enga
2244 2040 3841 2122 gec dans le grand manementa s cepredice dans la roue a deuts inegates
2247 2093 3800 2163 recenbir un transport du cylindre precedenti, r del'arbre precedent
2262 2135 3832 2224 1AiB. Car alors il fant concenoit, qu'un peu avant que la piece  donne
2247 2195 3003 2326 coptre sa rouesio). la piceq iFo
1974 1160 2221 1209 e sut ceut
2000 1194 2195 1250 bouts C. E.
297 2435 946 2493 COTTFRED VILTIEIM LEIBNIIZ BIBLIOTTIEE
3284 2454 3621 2495 Signatur: LH 42. 4, 1. 510).
304 2502 949 2552 VIEDERSRCHSISCHE LANDESBIBLIOTHIEN
3591 2219 3627 2309 s
