4880 4251
2995 133 4797 262 Agrestis qui in conversatione non est gratus et imitatur homines versantes rure
2992 207 4799 340 id est procul ab hominibus elegantibus remotos. D agreste dicitur, quod rusticum est, et ad
2992 290 4818 408 agros pertinet: quod in agris non in hortis nascitur. H. qui vel natus est ruri vel mores homi
2995 366 3519 462 num ejus modi imitatur.
2999 517 4842 661 Agilitas est virium integritas D. est promtitudo ex vrebris actionibus orta J. qua quis fac
2997 595 4447 703 cile agitior, it est movetur. M aptitudo ad sese celeriter movendum.
2992 722 4828 857 Agmen coetus eorum, qui una aguntur M est multitudo hominum praelium inire pa
2992 810 3228 876 ratorum.
2995 906 4811 1043 Agricola circa terram laborans D qui agrum colit M est homo, qui terram frugibus
2999 991 4263 1093 fehendis aptam stercorat, arat, conserit, ut fruges inde colligat
2997 1079 4759 1225 Agnatio est inter eos, qui ab eodem homine orti sunt D vel est inter eos, qui per virilis
3006 1161 4447 1270 personas cognatione junguntur et ejusdem nominis sunt quasi familiae a
3004 1225 4750 1339 per foeminam conjunguntur quasi simul nati vel commune nascendi initium habentes. P
3006 1275 4823 1412 vel est proprie eorum, qui in ejusdem patrisfamilias familia sunt. H. eorum, qui ex eodem
4624 1202 4783 1317 nati, qua
2999 1334 3559 1424 stemmate natales ducunt.
2997 1457 4119 1575 Agnomen nomen accedens, quod extrinsecus venit ab ali
3013 1537 4147 1631 Cretam subegit H. appellatio, quae priori nomini accedit
4145 1497 4809 1638 va ratione, ut. Metellus Creticus, q
2999 1624 4220 1761 Agnus bisulcum tenerum simplicissimum D ovis junior
3013 1764 4820 1924 Ahenum vas metallicum flavum D vas, in quo aqua ad potandum calefit B ex Paulo HCt
3016 1846 4818 1986 quo utebantur non ad elixandas carries sed ad se lavandos B ex Servio vel vas culinarium
3016 1908 4095 2016 patulum ex aere confectum ad cibos in eo coquendos.
3011 2000 4823 2156 Alabrum instrumentum, in quo fila vertuntur, quod radios quasi alas habeat. vel dictum
3018 2092 4794 2224 quasi alibrum, quod in eo liberentur fila a fuso, id est, solvantur M. eim ri calvisius.
3013 2203 4828 2328 Alacer qui viget sensibus universis et mente M ex Ascon. qui animo est quasi alato. Alacr
3018 2274 4820 2401 tas est mutatio quaedam vultus gestiens in spem aliquam. M quasi alis acer B qui sese cele
3021 2352 3519 2446 riter movere consvevit.
3021 2456 4835 2576 Alopa percussio, quae fit manu D. inflictio manus in malam alterius, vel est percussie
3023 2529 3571 2621 malae alterius manufacta.
3021 2642 4825 2760 Albugo quod in oculis et ovis album est. F macula allba in oculo M. pars alba oculi autori
3023 2753 4804 2890 Alchymia scientia faciendi aurum vel argeatum ex metallico pulvere, vel aurum
3028 2836 4409 2940 cupro separandi M ars mutandi metallum vilius in pretiosius.
3028 2940 4778 3046 Alea cubus ad ludendum D est taxillus, quo fortunae periculo ludimus. H. Ludusfero
3028 3013 4828 3119 tesserarius M est omnis ludus magna ex parte in fortunae varietate consistens: sed propris
3030 3074 4523 3174 dicitur de tesseris B. Alvens sive instrumentum, in quo tesseris luditur.
3030 3178 4830 3292 Alienare alterare atque mutare vendendo aliquid D alienum facere B Alienatio apud Ictos
3035 3247 4828 3348 omnis translatio rerum, ut: manumissio, usus fructus donatio. vel quo quid ex unius patrimoni
3035 3308 4764 3405 ita in alterius transfertur, ut illud mimeatur, hoc augeatur sive res sit, sive possessio sive jus.
3035 3367 4813 3464 vel Proprie est, cum transfertur dominium seu directum inprimis seu utile. Improprie, cum ne
3039 3424 4813 3523 dominium transfertur, sed aliquod jus rei vel possessio sola H. vel alienare est dominium
3035 3481 4383 3580 suum in rem aliquam alii concedere, ut is ea pro lubitu utatur.
3044 3573 4823 3679 Alimentum materia nutritionis D incrementum infantis P omne, quod alit corpus; et
3037 3644 4830 3733 comprehendit cibaria, vestiaria et habitationes H ex calo. vel est substantia admodum tennis
3042 3707 4662 3837 reddita, quae assumitur, ut res vel majorem staturem acquirat vel pristinam servet.
347 4024 1211 4088 COTTFRIED VILHIEIM LEIBNIZ BIBLIOTHIER
4235 4031 4686 4099 Signalur. LHI 4. 70. 2. 12471. St
333 4095 1214 4165 NIEDERSACNSISCHELANDESBIBLIOTHIEK
