4827 4181
441 111 2362 248 um rotor cytindri quidam  pertelicem) inte circumen
392 183 2297 350 dum antforsum et  prorsum  retrorsum eunt fieri potest
394 385 492 452 ut
531 283 2276 422 hac rave aliquid eficiant quod non alias commote
692 378 2343 566 posset tolliomnis difficultas motus simulta
485 531 687 655 reib
831 490 2369 641 seu compositionis duorum motuum additionis proprae
520 559 2387 759 et Tansportationis, si pucessive fierit quaevisadditiur
518 648 2364 840 diversorum a digitorum Neupe rec enta on emen
499 722 2360 936 datione nostra constructionis cysindios inaequalium
480 812 2315 1012 dentrum, unlong cylinder fomponendo longa
569 882 2269 1089 soleo alias dicere, longo,  cam ista non cum, quod semel
520 1022 1166 1161 tinonere suffecerit.
1249 959 2380 1117 possumus r in sic concipere:ponamus
527 1038 2341 1224 Mrulliplicatidum asceldere sud numerum Octonariam, us
534 1103 2332 1291 nunc. e dividatur cirepitus Cyliadiorum inaequalium
480 1170 2306 1361 rentrum in partes d aquates  72 vel 80 id est
483 1235 2320 1437 regres g. octies, novem vel 10,, itac et unam parta
459 1300 2329 1507 opravam occupent den, et in una parte octav ircurtus
134 1356 2343 1635 a gent seu securran dentes primae cyliadri lavs,  vel primi cylinde
878 1509 924 1558 u
483 1414 2343 1635 cavi; in blera parte obtava agent dentes segudi cylindur
483 1477 2383 1711 et ita porro. va uno quidem circurtu absolventur omnia
450 1560 2343 1779 sed tamen sson simul agetur. sed ita effectus eut paulo
466 1632 2360 1855 tardior efsiessstentiam minorem id non muttum curan
457 1702 2353 1934 rum, simulus  cylindri emnt mrs nalto majoris
1061 1769 2362 1958 alia tamer aberunti commoda Cyliadri
439 1886 903 2037 ingnferentiae
508 1848 2369 2076 interim cauo erunt mobiles haec constructio satis simpler videt
1022 1927 2378 2123 et promle elium peragetur adbito pondere quod b
445 2027 1005 2150 et facilit factu
459 2099 861 2233 circum agas
2905 145 4652 306 Rlachina Arithmelica qualem, curavi elaborari, hoc
3698 232 4055 320 tendum in omnibus
2764 225 4689 406 habet quod om nec inter multiplicandum notas multiplicandiant
2624 315 4666 483 Sibssois numii simul reclactionem pertatese eveseuabur; sed ut transporta-
2750 378 4634 541 siones nihal turbent, efficitur in intervallo cit cum gyrationis quolla o
4390 441 4569 515 sea
2673 452 4283 615 lo quae posa muet: plicatoria dentibus in aequalibus praedita eu
4239 524 4678 636 impertmentu
2750 476 4676 671 seu rote dentium inaequalium, quas mnlcipicatoria appellare ceatu simuil aguut in
2745 580 4109 724 dentes super in rotas superstantes seu  sed ita int q etur uplica
3363 643 3725 766 gati adtu
3742 624 3876 685 iinalu
3839 657 3916 733 Iau
3923 645 3941 731 s
2492 659 3372 812 transportation in pobic ad ditim perent a
2817 766 2878 819 qu
3008 729 3052 810 u
3131 722 3212 787 ter
2415 757 2657 876 rotapdicr n
2594 815 2701 931 quaes
2696 659 4748 878 otum totae additionales requiescunt nec a deutibus naequalibus attinguntur nempe n
2727 701 4759 945 cum vacup pars rotatum inaequales dentes habentium t rotis additionalibus substat.
3263 759 4745 933 ex cotpubus binis in illa vacur parte extaatibus interatium
3986 803 4706 931 in inter pdditionales mediam
2743 887 3110 989 Core
2559 878 3851 1059 qustum unum in mulsiplicando alterum in dividendo
2710 868 4631 1089 Corripiat, ac tunc transportationem efficia finola admonai exectata quiete; sed ita ut
2806 919 4738 1152 Alia via est, ut immedrate fiat transportatio sedtunc rota additionalis quae
2736 984 4687 1224 ab inaqualibus dentibus agitur cylindro affixa, circa quem mobilis stalia rota, quae
2708 1024 4710 1270 circumfertur quidem cum priore,  esusve Cylindio, sed cum transportatio se citissime promlo
3756 1131 4708 1282 dente ongiore arcum describit dente longiores
2708 1077 4731 1330 ictu unius dentis propalsionem recipit. Huncin Et oia cmu Et posset quidem promtitudo motus
2708 1221 3756 1379 effici, dum rota interpositu magnum corcueritum foncus
2717 1173 4734 1430 d quia sic si mmmia sentiretur resistentia, hi hoc modo plures siuul rotas conserutio esent
2724 1224 4717 1493 tignsportatio propagania esset; ideo praestat ut rotu additionalis frans fbortans quavis
2720 1282 4694 1540 ferite sua nonninil promoveae not cadiformem rota donec decimqe dente  ioitae a
2731 1333 4715 1584 transerenle et astrum aliquod  in b vullem vi irrumpat, simulus ictum efficiat, utro
2736 1409 4385 1638 mobibis graa cylindrum ef, (cujus rotam e affixam cylindio, rota multicm
2759 1405 4717 1693 ia5qualium sentrum g agit  simul et cum cylindio, et praeterea una sente promoveatur
4480 1609 4731 1693 est uobilis
2831 1465 4680 1742 sed quoniam dubitari potest an hic locum habent, motuum compositio pusi
2747 1505 4741 1814 es transportapio sit  valde promti ictus vel fiat tempore alicujus quietu
2724 1558 4731 1874 quod ottentu difficue, quando pluces fiunt simul transportades. ideo praefero aliam
2710 1639 4415 1939 copstructionem quae talis est, ut faceam si rotud est mobilis, posse ftiano
2724 1658 4734 1976 in suo cylrdro cum ipsa simul in sequentem ciausportare debeat, fieci posse ito resistentia
2715 1714 4722 2025 retrvagatur ideo cyciader in quo fira est rota b. duos habeat dentes parallelos et per
3314 1769 4682 1988 omnia sianles  et h sed hoc disscimine quod unus sit flexilis
3333 1825 4720 2048 sursum alterdeorsum. Uins si rota eit scrsum dextrorsu
4062 1927 4687 2074 vigusrique in summo invenis
3331 1874 4692 2088 reschudat sinistrorsum, dens Aerit, usto brevior ita ut ad sequentis
4178 1972 4713 2097 vero a, cum obstaculu
3290 2006 3902 2150 rota cyliudrum pertingere neque
3289 2018 4127 2185 obstaculum a quo est ensmdquid
3263 2027 4708 2239 nullum invenent ,d longitudnem nam, nec sit sursum
3245 2076 4708 2294 dextrorsum plicabilis, poterit agere in cylindium sequente
2641 2116 4699 2411 eundo deorsum sinistrorsum. sed cum contracius est rotae b motus, seu cum
3259 2160 4727 2387 trorsum tunc, deas b, a, flexilis deorsum sinistrorsum ab obstaculo
2734 2320 3224 2455 ascendit dexfuu de
2754 2211 4717 2517 infra invento, devinie fiet brevis, nec pertinget, contra dens K retenta sua
2771 2267 4696 2568 Longitudine aget. Quanquam t res effici possit ita ut dente, non sint flexiles
2761 2320 4736 2620 sed culrorsum pellantur intra cavitatem cavocyliudiom sint jam circa cylindrum
3505 2387 4743 2601 itio nales d et e, duo collaria ut sic dicas
3333 2520 3500 2647 iapisu
2754 2559 3305 2699 secq ventem i quo te
2806 2457 4750 2740 et m fa ut in plllatur a dente h, et n a degle K, dumscilice
2780 2501 4731 2810 oblique allambens dens ea prorsum aut retrorsum, pro situsratione pellit
2775 2564 4706 2859 et cum iis regulam cyliadri axi parallelam per quam cbhaerent collaria. sunt
2773 2615 4678 2922 psa suspensa quodammodo in hac regula, quae incedit infossa cylindri, ut
2764 2696 4610 2975 pacillare nequeat, sed ire tantum secundum congitudinem cyliadii.
2785 2731 4715 3033 et sitam quidem farem, ope autem Elaeteri cujussdam, ita regilur
3252 2805 4699 3014 nonnisit propilsa a prorsum aut reoreu rebrorsum
4002 2870 4689 2984 Et dum Haec autem
2908 2966 3210 3070 regula, ut
2768 2922 3946 3138 sem per sponte in situm priorem redeat
2754 2919 4696 3191 rula aliculi ita crassata est duobus locus, ut prorsum tendens ab
3463 3128 3554 3198 lLea
3584 3024 4738 3221 dextrorsum veorsum. sed in coneralia
2771 2954 4729 3261 F versus e ab f versus e cussa intra dentesm rota d subiens, dentem
2789 3158 3558 3319 quem attingit propelat
2782 3091 4736 3377 partem propulsare gula alio opposito crassamento intra dentes subiens
2792 3161 4736 3430 propellel rotam in contrariam partem. Atus (hoc modi efficitur ut propims
2775 3217 4652 3493 ragius mo 20H d, ox transpertatione, sine ulla confusione adjungatur eo
4274 3361 4666 3470 tota circutu rota
2741 3395 3677 3549 nolationi communi totius cnylindri.
2866 3409 4250 3591 pro Rotis Transportatoriis cordifomibus id observandum e ut
4236 3498 4622 3586 Sed ad hoc cerdeo
2720 3453 4673 3658 cord praecedentis cordiformem el evantis elastum tint modo tendatur, quod detude tolam
2717 3542 4213 3723 sim suam vim simul, et semel se restitutus exereeat. cord adeq
2792 3556 4648 3755 melius esse ut pe loco cordiformis figurae alvobique sit incisio, et rotae transportaoric
2766 3672 3843 3800 mecietas cujusque praecelratis circulto absolvatur
2415 1667 2696 1769 Est in potis cordifor.
2422 1723 2685 1797 mibus aliquid di
2410 1769 2529 1848 cultatis
353 3951 1187 4023 COTTFNED MILHIEIM LEIBNIIZ BIBLIOTHIER
4213 3962 4622 4027 Signa tur: LFI 42. 4. 1. 121). 11.
353 4030 1180 4095 NIEDERSACHSISCHELANDESBIBLIOTIIEE
4593 3653 4659 3765 1)
4587 3697 4636 3775 st
