4925 4423
265 29 1749 120 prima est Grammatica, seu ar intelligendi quae pot
1845 44 2256 142 signicntur
167 66 1771 199 Legica in hujus Encyclo paediae corpore significabuntur
201 174 351 223 sde
946 132 1245 221 rationalis
61 169 2192 344 itaque Primum Grammatica, Universalis, reu conscribenda est tradenda est
98 297 1221 415 latine et aliarum celebriorum linguarum
88 361 1223 486 selectis exm ad latinam ubique applicata
100 410 1184 565 et subinde aliarum linguarum exemplo
115 476 1307 636 illustrata; et quidem re In qua tradetur
108 552 1329 732 R egularis Significatio omnium particularam
108 626 1260 788 et flexionum et collocationum. ita ut
86 697 1260 872 significatio semper possit substitui in locum
90 746 1563 946 significati; nam ut exemplo utar, genitivi nominum
113 837 1275 1036 casus semper eliminari possunt substitutis
100 896 1395 1095 in eorum locum praepositionibus cum nomi particulis
105 960 1445 1184 quibusdam cum nominativo, ut patet ex lig linguis
122 1029 1445 1263 Gallica, in quibus nullae sunt nominum inflexiones
774 1113 1307 1231 Verba semper reduci
144 1167 663 1326 nisi per particulas.
147 1164 1258 1383 possunt ad nomina cum verbo est adjecto
120 1223 1368 1444 tantum verbo est; Adverbia, ut ad verba
117 1279 1385 1503 ut adjectivn sunt ad nomina substantiva.
105 1353 1344 1587 Atque haec est vera Analysis char acterum quibus
113 1406 1445 1656 genus humanum communiter in loquendo et imo et
127 1496 1250 1707 in cogitando utitur. subficiendae sunt
130 1648 668 1766 Negligendae autem s
901 1611 1388 1742 Respicienda autem
135 1685 845 1845 Latina tantum regularis
172 1683 1300 1916 est, maxime Grammatica regularis minore
172 1722 1462 1975 Anomaliarum cura, quia haec Grammatica
152 1793 1585 2032 non tam ut lingua discatur, quam ut accurata constat
127 1855 1666 2125 fiat verborum analysis, conscribenda est. Nam creberrima
117 1963 1393 2186 in Logicis saepe illationes non possunt fieri per
108 2019 1405 2265 syllogesmos s sunt quaedam illationes quar
115 2084 1489 2312 in Logica quaedum illationes occurrunt, quae non ex
113 2132 1558 2398 principis logicis, sed ex io principris Grannaticis, id est
135 2169 1816 2447 ex flexionum et particularum significatione sunt demonstranda
132 2280 1415 2511 potest tamen haec Grammatica eadem opera
108 2354 1405 2587 ita accommodari, ut discentibus quoque mire prosit
211 2425 1486 2666 Sequitur Logica, seu  qua tantum hoc loco
186 2511 1518 2732 comprehendo Artem illationum, quae sumenda
127 2607 1437 2823 est ex usu hominum loquentium scribentiumque
135 2663 1673 2916 Nimirum illationum modi qui ubique occurrunt in dicendo
125 2769 1354 2983 in autoribus digerendi sunt inclasses et ex
140 2833 1408 3073 simplicibus quibusdam derivandi sunt, ostendendo
152 2870 1839 3140 quomodo ratiocinationes omnes possint ad istae illationes, licet
152 2983 1467 3201 utcunque perturbatae et ipsae non transmutate,
2076 3106 2415 3216 demonstrari
132 3051 1440 3265 in aliam formam, scholarum more, sed relictae
120 3125 1415 3344 in ea feia quam habent in usu vita  nihilo
125 3184 2398 3403 minus vi vim habeant, seu in forma concludant; et ex communi scholarum forma possinit
152 3250 1762 3469 atque hic is exit Gam maticae praecedentis usqus apparebit.
167 3336 1722 3553 ii Usus autem hujus logicae erit, ut formae ratiocinandi
167 3410 1776 3629 magis compositae, perturbatae atque implicitae, quae in vita tamen
172 3491 1521 3698 crebro occurrunt, ad regulas revocentur, ex quibus
152 3567 1445 3774 compendio possint dijudicari ne semper sit opus
140 3617 1737 3843 reductione in formam scholasticam figuras modosque scholarum
162 3717 1710 3916 quemadmodum enim celebres Arithmetici invenere sibi varia
697 3808 968 3921 exercitati
1313 1245 2428 1376 Subjiciendae denique significationes particuraamu
1725 1189 1848 1255 sunt
1806 1275 2408 1380 donec pervinatur ad
1818 1326 2442 1469 eas quae nulla explica
1808 1420 2450 1533 tione aeliminari possunt
1828 1479 2386 1602 qualia est e
1845 1567 2396 1663 it est et. non.
1855 1611 2383 1727 tarumque certus est
1828 1680 2386 1776 constituendus numerus
1875 1747 2376 1845 t ex his solis cum
1953 1808 2415 1894 nominativo nominum
1958 1852 2433 1970 Casu junctis caeterae
1980 1924 2405 2034 omnes possunt
2010 1970 2428 2100 explicari. Quod
2025 2056 2354 2174 opere ipso
2049 2110 2405 2248 exhibendum est
1523 1079 1744 1147 caetera
1604 1910 1823 2002 ines
2774 19 3339 122 seu calculandi formas
2558 63 3696 196 compendia, quae accurate concludunt, etsi
2526 132 3679 272 non semper communi vulgari more tironum
2528 201 3656 339 characteres ordinent; ita demonstrari
2521 260 3892 425 vero merentur, ut sciamus nos illis tuto uti posse.
2553 334 3772 508 ita in Log Homines in dicendo exercitati
2519 417 3701 582 inum er cogitandoque excitati, multa sibi
2958 523 3005 577 un
2509 503 3779 663 ratiocinandi compendia paravere, quae
2489 597 3703 754 non minus concludunt in for vi formae
2509 680 3654 825 quam modi scholarum: debent tamen
2514 734 3792 911 ex modis scholarum adhibita Grammatica
2511 828 3713 992 rationali particularum illarum explicatiice,
2514 906 3723 1068 demonstrari, et quibusdam legibus Vinciri,
2548 958 3858 1167 quibus observatis constet usum earum esse tutum
2678 1076 3902 1253 Tertia est Methodica, seu ars inviniendi
2486 1179 3821 1353 ars dirigendi cogitationes suas, siu inveniendi
2519 1250 3895 1425 ad inveriendum ita ut aliae ex alis apto quodam
2538 1331 3919 1501 ordine nascantur. Huc referenda est as inventio
2533 1405 3784 1552 copica sinventio et dispositiuo heforie ad
2533 1449 3816 1646 et dispositio rhelorica dispositio Dispositio
2523 1533 3742 1724 pnim est instrumentum inveniendi. Huc refero
2504 1668 3054 1798 artem argutiarum
2509 1720 3669 1887 Sea Tertia Ars est Mnemonica, seu
2504 1820 3669 1970 ars revacndi retinendi et in memoriam
2499 1867 3865 2068 revocandi quae didicimus, quae ars multis elegantibus
2506 1955 3821 2150 futitur compendis et inventis, quorum aliquando
2523 2027 3981 2231 usus esse potest in vita. Inprimis autem portio ejus
2519 2093 4077 2297 ars reminiscendi perfici deberet, cujus ope scilicet,
2511 2174 3959 2378 excoli debet cujus ope nobis in memoriam revocamus
2516 2265 3892 2449 illis quibus opus habemus, et quae n in memoria
2531 2351 3769 2518 notra latent, sed non succurrunt; on si
2553 2412 3892 2592 admonere Aliud enim est in meerie retinere,
2541 2474 3986 2680 aliud reminisci, nam eorum quae retinemus reminiscimur
2546 2553 3765 2725 non semper reminiscinque, nisi aliqua ratione
2523 2690 2904 2786 admoneamur.
2725 2646 4116 2860 Quarta est ansi Mth Topica
2541 2752 3922 2936 seu ars inveniendi sive dirigendi cogitationes
2531 2820 3851 3012 ad aliquam veritatem ignotam eruendam, vel
2543 2892 3905 3078 media finis cujusdam reperienda. Huc pertinent loci
2541 2978 3875 3150 dialectici, inventio Rhetorica, ars argutiarum,
2531 3044 3951 3233 ars deciphratoria sive divinatoria, ac denique algebra
3910 3128 3966 3199 n
2546 3125 3828 3290 in quibus pulchra artis Topieae specimina adduntur
2516 3194 3811 3378 quae nosse debet, is qui hanc artem tradere volet,
2536 3238 3907 3430 no non ut Algebram immisae at tractationi generali
2519 3297 3914 3506 sed ut inde regulas generatiores universaliores formet,
2494 3383 4347 3581 quae tamen in schaliis illustrari possunt exemplis specialibus exemplis
2673 3484 3855 3653 Quinta est ars de eodem tormularia
2526 3572 3878 3747 quae agis de eodem et diverso, simili ac dissimili,
2536 3653 3848 3830 id est de formis rerum, abstrahendo tamen animum
2565 3732 3914 3919 a magnitudine, situ, actione ondine actione
1968 2338 2327 2432 intelligendi et
1722 2437 2410 2545 sive artem judiandi quae
1794 2503 2093 2618 proponuntur
1666 3069 2090 3184 F. atque in autoribus
2016 3120 2056 3182 s
373 4194 1206 4260 GOTTFRIED NILHIEIM LEIBNIIZ BIBLIOTHIER
4354 4201 4733 4265 Signatr: LHI 4. S. Z. (7-ar
358 4268 1209 4334 NIEDERSACHSISCHE LAMDESBIBLIOTHER
4094 348 4696 466 F ex cogitatis quibusdum
4145 425 4733 543 voculis sive particulis
