4846 4228
2994 112 4799 234 Applicare est efficere, ut una res alteram longitudine sua secundum suam extensione
2983 192 3236 279 contingat.
2990 286 4808 427 Approbare probare, quod alius jam probavit. non contradicere. Approbare opus est res
2983 366 4700 488 ctè et probè consummatum praebere, quod Redemtoris est, non locatoris H ex Paul.
2987 469 4810 594 Aptitudo. qua aliquid ad alterum accommodatum est sive a natura sive ab arte et disciplina p
2987 535 4134 655 vel, quâ quid potest agere aut pati aliquid nobis conveniens.
2983 641 4813 751 Arbiter est judex a Praetore datus vel ex conventione litigatorum electus in bonae fidei judicis: ut
2987 707 4803 836 familia erciscunde, communi dividendo P. vel judex, cur non competit jurisdictio, a partibo
2983 756 3779 873 electus ad decidendam aliquam litem.
2990 869 4813 993 Arcanum ab arca, in qua, quae clausa sunt, tuta manent H ex Festo. quod quis occultum habu
2987 934 3922 1054 ii interesse putat vel quod quisstudio occulit.
2987 1045 4582 1162 Arcere vetare, ne accedant ii, qui veniunt J. L ex Nalla vel accessum impedire
2990 1153 4801 1308 Arduum est excellens et difficile obtentu. Metaphora sumta a monte, qui e excelsus est et
2992 1228 3415 1331 difficulter ascenditur.
2990 1320 4749 1451 Arena pulvis minutissimus aridus. J. L. sunt particulae durae terrestres exiguae friabile
2992 1388 3591 1493 vel fragmina vitri naturalis.
2992 1468 4801 1623 Argentum est metallum post aurum pretiosissimum albicans. L. P. vel metallum. perfectum
2994 1559 3173 1623 album.
2997 1594 4799 1742 Argilla terra tenax, qua figuoli utuntur J. L sunt terreae particulae, quae, dum molles sunt,
2997 1667 3793 1794 formas recipiunt et indurescere possunt.
2999 1761 4782 1888 Argumentum est corpus ipsum orationis. Argumentatio forma et vis, qua construitur arau
2997 1825 4791 1958 mentum H. est ratio probationem praestans, qua colligitur aliud per aliud: et quae, quod est du
3004 1890 4773 2008 bium, per id, quod dubium non est, confirmat J. L ex Qvintil. vel est fons probationis, vel quad
3002 1947 4782 2076 probationem constituit veluti medius terminus vel objectum rei. Indicium vero est argumentum p
2999 2015 3147 2099 babile
3009 2092 4444 2219 Anguere ostendere et patefactere P argumento uti ad alium convircend
2999 2175 4009 2278 aliquam conficere, contra alium aliquid probare.
4519 2160 4773 2261 probationem
3006 2257 4784 2447 Arista quae ut acus tenuis longa eminet e gluma; dicta, quod arescit prima J. L vel et
3004 2332 3636 2440 extremitas eminens inspica.
3002 2438 4700 2604 Arithmetica est bene numerandi scientia L. P. scientia docens numeris recte uti
3002 2576 4552 2717 Armentum id genus pecoris appellatur, quod est idoneum ad opus armorum
3004 2654 4777 2792 instrumentorum) J. L. ex Festo vel multitudo animalium domesticorum majoris statu
4582 2640 4780 2743 quorum vis
3006 2764 4740 2910 Arare est terram atatro quovis modo vertere et proscindere J. L. agrum aratro
3006 2837 3803 2938 aptum reddere ad recipiendum semen.
3006 2931 4784 3074 Armilla est ornamentum ex pretiosa materia factum brachium cingens, vel ex H. Armillo
3013 3004 4780 3156 brachialia prisc. sunt armamenta in circulorum modum, quae viri militares ab Imperato
3006 3074 4099 3182 ribus donata in sinistris brachiis gerere consveverunt.
3009 3182 4770 3321 Aroma quarundam herbarum fructus odoris et saporis admodum grati, quibus utimur
3018 3264 4467 3365 vel ad excalefaciendum ventriculum vel ad appetentiam provocandam.
3016 3330 4601 3448 fuuctus aut cortex aut radix, rebus, quibus aspergitur, gratum saporem addens,
4474 3300 4770 3415 F vel est aut
3009 3459 4775 3596 Arrha pars sponsionis, quae fidem facit totius summae persolvendae J. L vel pignus contra.
3011 3542 4773 3666 ctus gratia datum sub lege commissoria, id est, ea conditione, ut perdatur contractu non ser
3016 3657 4780 3784 Arrestare aliquem sistere, usque dum legi respondeat. vel est aliquem vel bona sua per mandatum
4735 3636 4775 3701 c.
3016 3734 4787 3821 judicis impedire, ne moveantur a loco, donec conquerenti respondeat. H. vel impedire remotionem
3011 3791 4491 3873 ab homine aliquo designandam sive homo se ipsum sive rem suam amovere velit. C
342 4004 1205 4065 COTTFRIED NILHIEIM LEIBNIIZ BIBLIOTHIEK
4200 4011 4643 4072 Sionatur: LHI a. 7D. 2. 12661.30
326 4077 1202 4138 NIEDERSACNSISCHE LANDESBIBLIOTHEK
4618 49 4683 119 ib
