2480 4225
231 49 291 157 g
817 39 1721 152 has scientias satis perfecte tradere
239 103 1284 237 voniam vero adep
89 208 1456 330 deducece  majus est opus, nobis tempore
70 288 1434 431 inprimis utendum est; ideo consilium esse
75 382 1378 509 meum est; ut opere inter multos partito
77 462 1357 577 quam maturrime licet delineationem ejus
82 518 1416 685 qualemcunque  quamprimum formemus. Quae sit
93 593 1324 737 caeterorum basis augerique et poliri et
79 647 1348 823 ad j indies queat, et gradus esse possit
89 751 1272 887 ad majora. Nec video quid vident
72 814 1322 964 vetet a viginti viris eruditis absolvi tale
56 901 1359 1053 quid intra biennium, quod certum sit ab uno
61 969 1641 1126 intra decennium i praestari posse; qui sufficientem
54 1035 1594 1236 latene anti rerum notitiam habeat.
305 1152 1437 1309 Sed eum mist unusquisque preterea
82 1232 1495 1410 multas soleat habere cogita meditationes
72 1363 375 1476 et inventa
873 1380 981 1469 constat
225 1394 1599 1563 Quoniam vero dubium nullum est, viros varia
39 1485 1362 1652 doctrima et veritatis amore praestantes, multa
61 1549 1362 1741 habere solere cogitata  praeclana, sparsa e licet
44 1619 1324 1797 et varia, quae tamen mirisi nec in uniusscientiae
42 1685 1357 1889 cerpus coeuntia quae fer magno re  plerumque
39 1736 1416 1948 magna reipublicae jactura  interire solent,
49 1793 1559 2018 ea cum ea cum mirifica ea ut in chartam conjiciant
33 1830 1895 2095 communicentqu inelabsrata licet utcunque inelaborata, atque inconaerentia
56 1950 1294 2161 mirifices totum hoc institutum juvabune
180 2131 255 2206 sim
239 2037 1228 2227 glo riae velificabuntur, quam cuique
56 2147 187 2265 naeque
58 2117 1244 2340 ex inventis suis societas summa fide summ
65 2222 993 2441 sartam rectamque praestabit.
1613 1145 2306 1208 excuriesis e ddum qui
1763 1150 2369 1265 veritatemamant.
1773 1220 2379 1330 ac res profundius con-
1780 1288 2005 1403 Siderantb
1540 1488 2033 1602 fvel experimenta
1895 4098 2292 4154 Signatur: LH 4, S. T. MIII. Ot
2222 3740 2259 3919 b
