2539 4185
597 30 1662 137 cera adem it il cunu quam enu
1725 34 2022 93 allo alese
2064 39 2225 83 ab ig
2259 41 2445 102 ut scilvet
590 39 2427 195 absoluta hyc _ intervater seu decima parte, qua facta nunsportatu lingula
592 111 2448 265 in sequens intervallum perveniat; quo postea in regressu  dimidum intervallum habent
609 162 2355 325 ibt ad relendendum. in progressu autem lingula haec il nihil tanget
590 218 2355 378 non retendet sed licet retendendum aliquid inveniat, sed cedet in ilo
576 253 2464 444 Hexilis in unam partem alioqui si, recensio fieret in intervallo transportationu
2064 316 2394 411 Contru erit
588 332 2020 499 quod feri non debet, At in regressu resistet, ne retendet
597 372 2459 558 alia cingula ab altera parte ipsius 1y (etsi eeiam in alio planos
634 434 2457 602 ad i eodem quam 1y licet in eodem plano sum p1.) quae in mota vedinario
595 483 2387 662 directo seu antegmado propcedet iy, et ita efficiet, ut p sit tensa
606 534 2427 720 quo ab 1g detendi possit. Atemeone  ponamus jani motu
618 590 2462 774 retio grado ire 1B 0 d g. et transportando unterre 1 a 2V, in ea trouspor
1211 639 2392 804 xnibil agere odebet, nec statum recendet
606 720 1136 850 tatione seq1 sequen
637 695 2464 911 intero allogrationis unsportationis, aliaqui quiei in darante intervallo
599 753 2413 983 transportationis retensionem non debere fieri supm notavimus. At
609 811 2418 1034 si forte a motu retrogrado in g statim reconvert eretur iv md
576 860 2420 1085 motur antegradum in o, tunc debet stuem recendee 13. itaque e debet
604 920 2429 1148 habere eandem quitone quam 1d ut immediate sequatur proxium
639 974 2413 1204 it, ipsi y intra ide de intervallum, ei in unam partem sit flexule
644 1002 2448 1267 scilicet motu retiogrado non cendat, sed tantum motu antegrado.
637 1171 1357 1322 Et sic omnia sunt absoluta.
867 1132 2399 1357 rotae 1p dentes ad omniu officinc tsa officia adaptentur ut
646 1369 823 1469 scilicet
869 1209 2466 1429 otatendatur a lingulis ut, iA, delendatur a brachiolo
943 1274 2459 1471 ceneaturteneat foveolam Elastri, , propellatur.
662 1413 906 1515 propellatus
648 1322 2480 1583 ab hoc Elastro, repellat 2C, versus H2a. propellat 2 uno dentis intervabi
681 1385 2466 1629 haec in fialit, conjungi possunt plures rota   constituentes sibi parullelae
653 1455 2459 1690 et connexae ut officia in compalibilia diversis dentibus seu planis tibuantur.
820 1508 2408 1773 Atque ita dimum optima quantum posto tentamenta
648 1597 2399 1880 Eicleas ergumentumqu hoc toties versatum judicare
664 1678 2339 1943 possum ratione desideratae madhina constructionem absolvi
648 1925 692 2001 d
811 1769 2401 2018 Elastium gf utilius ponetuo sub p spatu lucrandi causa, ne
1348 1846 2392 2018 Rotae, ut 10 et 2Y selis propiaquae
690 1969 1034 2106 quid emineat
730 1908 2401 2150 usi admoveri possunt praesertum cumliceat efficere ut non sit in eodem
697 1969 2439 2194 plano & ita alternis nunc una nunc altero sit prior vel posterior,
688 2013 2401 2255 fv. g. n prior 2V posteria, 39 prior, t. Ncommodatis quantum
1260 2066 2452 2245 P, et lingulis senbrachu brachio1y. il. 17
662 2190 1229 2318 ad hoc opus interponendis
655 2139 2450 2366 quae non dere necesse est, in ipsam rotum 1Y sed tantum in ejus axem seu
576 2197 2476 2436 rotius superficiem cylindiicum fm materiatem in qua est, 18. quae super
674 2255 2490 2476 ficres cylindrica seu canna, mobilis est uper cylindro seu ape ipsius in ve
671 2359 1832 2545 ia c  producto, usque cutra cannam ipsius 1V
716 2378 2490 2617 in hac machina nulla sunt dispositiones seu dilationese quae
683 2455 2408 2692 alioqui faciunt, ut post operationem finitam ad huc aliquid
683 2527 2359 2766 restet. Habet et hoc egregrum quo aeque apta est
681 2599 2480 2838 ad additionem ad subtractionem, quam ad mulciplicatione
690 2664 2434 2915 D divisionem, cum vn alis onstructionibus opus esset motum
674 2748 2383 2994 aliguem generalem durante additione vel subtractione
2071 2894 2420 3003 additionis
662 2806 2490 3066 ad instam multiplicationis vel divisionis pistitui Haec etiam
660 2922 2025 3134 constructio proinde ad alia inventa ad
713 2952 2457 3220 cilicet per modum tangendi organi Musici praertanda. ite
641 3036 2418 3285 in multiplicave & divisione rem ita ordinandi, ut mitio statum
651 3101 2485 3345 omnes quoque multiplicatores vel divisores disponere liceat, nec tangere
653 3180 2211 3427 rrachinom allo modo opus sit, accommodari coptime potest.
823 3231 2418 3461 sulis magua esset machina, posset accommudari endem ad onniss generis
644 3292 2492 3520 aranationes, aliis a decalica; non excedentes certam quid eorumus mixturns v g. &
2204 3452 2283 3536 At
2304 3447 2397 3503 rota
630 3345 2436 3585 debent isse 309. 4d nulliplicari per 3 elesis prosa dentum nio qualum sit dentium
641 3385 2494 3643 36. Exis procccatur sic, habeant dentes 36 si placet, exhis. rota  Mult: ventra
806 3468 2153 3675 x pro di ponatur super 4 pro y super 30, pro Hateris super 1.
1564 3478 2499 3654 ibu ut super rota, de d. sit rota addi
685 3592 1402 3733 additiones similiter sic admoveahitur
716 3543 2506 3778 tionis 12 dentium, super, 3 grossit q3, super Maleris languam ultimis rota dentrui
664 3608 2508 3824 inore solito. Sed ob hecerigeneitatem hac non pracedit progressus in multiplicando
690 3678 2204 3892 seu promotio machino, multiplicatricis sub machina ad difionis
769 3703 2492 3917 si longa Machina nostra sit in parbi ejus oa poteris quaedam multi
741 3778 2524 3991 olitare vel diadea, praeniatio albas t subtrahas, qud ulcle pro extractiontus he
223 2550 585 2689 constructione
118 3487 532 3571 Si ve habeamus 3He6gC. 4d.
111 3538 358 3601 et quaerampnum
144 3582 192 3633 ai
471 3594 502 3747 e
183 3617 202 3668 a
111 3643 213 3699 atm
120 3643 490 3729 rgo multiplicare 3per 36
123 3696 478 3782 et 6 per 12 et 4 per
165 4054 623 4105 COTTFREO VIHIEIMIEIBRNZ BIBVIOTHIEN
1918 4054 2343 4110 Signatur. LHI 4 2, 4. 1. 1001.46V
199 4087 597 4147 UEOERSRCtISISCHIE MVOTSOBVOTI
