2420 4176
361 37 591 108 ceparata sahedi
631 23 2245 125 construction ahina Arithmeticere hactenus a me exeogitatarum ampere ssima
1433 69 1672 148 stntisper
716 74 1371 211 atulo in sebe eiclami aba
694 146 2241 262 naturae ita constitutam, et elaterio cuidam extra hunc axim et extra rotam
707 197 2320 329 in loco immobili posto applicatam ut quoties dens rota tantillum tangitur
698 252 2313 396 a rota  brachiolim ey ipsa rota ex, in eam partem in quam tantilelle
669 299 2336 457 impellitur  dictum brachio cum proced taliberato  propante ipsum Elaterio
668 352 2283 505 decima (si places) suae gytationis parte. Quod locum habebis in
647 396 2308 568 quamcunque partem tendat 1g; modo interim Elaterium illud marnuvel
663 443 2331 631 alio instrumento, rotam ex axemque 2a. V nullo modo attingente, retendatur
108 501 2322 733 Adc posito  sit int rotae additionis a, multiplicationis e, transportationis v, et tradium
276 582 2324 765 trnnsportantia y. Rota additionis dentium circiter 40. rota mulliplicutionis tolidem, et licet Eujus
252 640 2310 830 dentes sint inaequales tamen semper quatuor viciui sibi ponantur aequales, itaque erunt 10 dentrum
250 698 2264 890 varietates; & pro decima parte rotae a circum agenda per sutqus octam rotum e opus est dec
259 751 2283 951 dentes quatuor in hac nypofhesi propielli, et propelli. Cujus ratis mox apparebit no namis
276 798 2338 1016 igitur rotam ea absolvise circuitum, eoque momsuto iy liberati elateriu propele decimu
280 844 2334 1067 rartem ipsius 1v. considerundum debebit ictus elaterii esse celer, ut interveniat motibus ab
280 907 2329 1118 ut si interim ea ducatur a 2e, motus ille seu ductus superveniente hoc ictu nihil
299 953 2345 1173 turbetur, seu ut dacatur tot dentibus ab seu decimis 1V ducatur 2 ra vel 20
271 1018 2315 1236 quot alias si ictum hunc non accepisset, et uni hac novo dente praeterea seu hac nova
1392 1074 2329 1180 Ideo ut dentes ad ubui complures
294 1129 1343 1280 qaeterea decima gyrationis parte procedat
303 1106 2336 1329 singit sibi insertas in a et e ut a accepto ictu inter dentes ipsius e non Pacillet. E
306 1162 2341 1387 autem iv mobilis super axe 2a10 labere, nec ei cohaeret, nisi, ope elaterioli super hoc
301 1211 2299 1447 axe firmati, e in dentes ipsius rotae ev intrantis quod facit, ut vidiuame simul
292 1271 2341 1512 moveantur sea cum transportatio i, movetur tantum 1x cedente elateriolo qui
317 1331 2350 1559 sive quia axis ar sequi non potest, sive quia fortetum dentes rotae a squae firimaes
1373 1378 2338 1521 elaterioum, quode eotatura firmum in loco
308 1459 1343 1617 iin axe av) dentibus rotae e. implicati, sive quia
303 1429 2366 1668 rumobili super a, fortius illo elateriolo quod rotam , rato axi ax annectib. At inquid
315 1487 2355 1714 sin elateriolum hoc fortius, quid opus pluribus syto dentibus quam 10, nonne erateriolum
317 1542 2366 1781 atis tenet dentes rotae, a ne cedant et vacillent, sed. forte verea  verendum, nec ictus
1900 1654 2331 1774 i Elateriorum
313 1598 2345 1837 fint eo nomento, quo elateriolum est in motu, nec retinet, ideo securius adhibentur dentes
348 1707 1631 1893 Absentibus dentibus tiam elateriolum in motu non est
310 1716 2371 1951 autem quod iv annectit axi 2a1V, hunc habet usum insignem quod licet
303 1786 2355 2006 axis nonnihil et ipse procedat, interim dum. Iv propellitur momentanea transpo
294 1846 2320 2067 tatione, ac proinde ix minus quam una decima integra propelleretur ab axe
283 1918 2317 2127 una de suo una decima sustrationis parte promoto, tamen elata riol
1078 2048 1134 2146 cate
1146 1960 2320 2129 viguum suppelt, quia diff
283 2060 1037 2197 hunc defedum supe per se vatu
32 2016 2389 2264 per haberiola, cum differentia minor sit dimidia reditur ad idem, si major foret iretur ad sequens
322 2076 2385 2310 Elateriolum autem quod V conjungis cum axe sub saltem tam fate esse debet
308 2157 2368 2373 ut lentae liberationi magui elaterus  a quo sequeas propelli debet,
2185 2294 2276 2394 set
348 2336 575 2456 resistat
424 2224 2357 2487 ljam olim haec methodus mihi incideret, sed cogitabam non per magni elatem
1487 2317 2155 2461 endentem efficere, ut subita
322 2398 1431 2552 interventum, sed per intermediam rotam, motum
294 2366 2357 2612 transportatio: sed se motus ipsius 1x fere daplo velocior. hinc ipsiu 2Y feret quadmplo et
299 2417 2375 2668 ipsius 30 octuplo velocior, hc. quod ut pro fliculatis et denique _ ad immensam celeritatem
320 2482 2283 2726 Merveniret, et tali vi non posset resistere elaterpotur quod connectit iv et 2a1v.
348 2528 2313 2784 quod si Etag non debet immediate ducere 18, sed poti tantum aliud
345 2589 2283 2835 liberare, ut ipsum ducat, tunc si ipsum ut se factenus volueram in ipso axe 241p
338 2637 2359 2909 Collocatur  cum eo circumit multae sunt difficultates ut retendatur, praesertim ob Gtnitu
322 2700 2357 2960 hinc opus rota liturbinata de quoalibi. At simplicissima est haec via per ecaterium
331 2893 874 3036 separatium in loco fixo
519 2825 2327 3076 Nunc superest ut ipsam Elaterii trans sportentis onstitutionem
350 2911 2336 3152 describamus rota rsp verticalis ad rolae 1x etiam verticalis planum perpendicularis
459 2967 2336 3196 ejus denti p insistit  lingula es appressa elaterae c. si pantum langatur eota
517 3022 2306 3252 haec dente suo r, a brachiolo ig, in alterut sursumrendente  tunc den
466 3067 2348 3308 movetur sub liogula, et cum apex oniit sit flexitis, elateriolum exfossula exit et den
494 3129 2355 3345 agitur sursum dextrorsum, lingula f (per suum Elaterium laberatum) ese crrumpent
433 3178 2352 3401 in saatium interceptum interp _ proximmi dentem. Interea in eadem rotaes mo
426 3222 2352 3463 vetur deasum dextrorsum, et rotae 2V dens respondens deorsum sinistiorsum oppositus
461 3282 2357 3510 cursum dexhorsum; ut 19. consentit ergo motus. pro relendendo Elaterio tantu
464 3340 2345 3558 nn fausa quadam motrice (Generali quodem motu vi anndhiu subfinem cujusque rotationis
426 3387 2345 3614 mulli liculoicae vel alterius ausae coingente), relend moveri nonnihil rotam sp quando f
364 3445 2317 3674 non est super p donec _ cursus ei vel simili insistat. utimnil refert in quan parte fiat motus
371 3503 2348 3728 Tantum ea debel esse roto rp dispositio, ut cum f est in non quidem langat rotm d
385 3556 2278 3786 D sed parala sit ad tausendu conspcant egim Etrqe dens ipsius rotae rp (debet
394 3609 2350 3832 nonniiul esse longus, ut ungnum sietacmm, et illelamen aNsequatur. Quando et eo tempore
408 3670 2271 3881 supiemm dens non erit eminutus; at quo tempore f non eit in p non evit encinulus ut
1853 3716 2355 3839 duo adhuc subtitate
406 3779 1816 3920 taus motrio eum apprehendere, et p in f restituere possit
389 3834 1762 3985 Estituenda labentio facilis f ex P, et dipositio ventrm rota Y B
187 366 204 431 d
44 415 490 510 irnis modo antemdi
88 454 549 528 ia ex Csirma nave a
109 501 566 612 a  er2s unm e uti
16 2656 199 2730 Xetum s
11 2716 192 2774 non longe
20 2758 169 2835 eatur
183 4046 552 4138 Eon eot oum umeomno
185 4076 519 4138 ore aotoOIOI
1807 4053 2215 4111 Signatur. L1I 42. 4. 1. 1771.331
2164 3861 2220 3979 2d
