4549 4170
681 275 1054 396 ais pour
1142 245 2275 384 revenii a l'estime de la vistese
509 361 2238 491 du transport comparee avec la vissesse ordinaire
502 454 2217 588 de l'arbre. Il est visible qu qu'une
521 532 2213 646 idixieme partie de lavi du tour de l'arbre. A. Bou
526 597 2261 729 de sa roue 1G. fait bien alter se u lement une dixieme partie
516 669 2145 787 De la rone 1(16) on du cylindre. du dexiemes arbre
532 739 2247 859 mes c'est adire une dent pent- estre sentement de la roice
530 792 2185 933 1 (10) mais non pas en même temps. Car une partie
530 852 2245 1007 seutement du lour de 1y a l'eutour ec son arbre, eemplogee
514 933 2229 1067 l' est a dire une partie du tour du pigno 1X par exemple
537 982 2229 1135 la moitie, est emplogee a faire alter une dixieme partie
556 1061 2203 1200 de la roue 1 (10) acese mais aec pendant cetse moitie du
542 1109 2176 1269 temps il fant que la cinquieme partie de l'eto: b 2 7.
528 1172 2215 1336 marche; et ansi de suite amsi la vistesse croistra
526 1241 2233 1385 eu raison double; de plus cela nn'est pas encor assez, car
526 1297 2201 1471 pour faire en sorte que le cylindres on la rone 1 (10) ille asses
542 1364 2173 1540 viste il sant que la vistesse soit pentestre 4 on 5 fois
528 1429 2155 1593 plus grande avec la quelle la piecei s en emporte une
526 1478 2217 1670 deut. que i est la vitesse de la rone 1G. ainsi la irvit
519 1559 2092 1753 la vitesse dans les suivantes croistioit furiensement
532 1642 2254 1830 Le remede est difficile mais je, n'en trouue
558 1721 2238 1915 pornt d'autre que defaire leu sorte que tout le tempe
560 1807 2210 1980 pendant que il fait la dixieme partie du touo de la rone
588 1874 2187 2059 1G. ou pendant que 17 fait la cinquieme partie de son tour
553 1946 2182 2124 ou pendant que le pignon 1X fait son tour tout entier
551 2008 2233 2203 il agisse soit immediament ou mediatiement sur la rone
519 2080 2271 2270 1(10) um en faire avancer. Unc dixieme parte sentement
1397 2156 2231 2302 lais je voy quecela ne se
579 2212 1209 2349 pendant ce temips.
560 2221 2271 2393 doit et ne se peut point. Car ansi lla roue 1 (10)n'ivit
574 2288 2220 2467 pas plus viste que l'arbre qui lepo porte. Et sit
553 2372 2201 2534 eva plus viste, 27 ira aussi plus viste, ansi car
572 2432 2145 2601 on ne scauront faire piune roue menée fasse son
553 2490 2282 2666 effect en atus detemps qu'une roue qui mene. A mroins
560 2552 2182 2735 que de se servir de pieces et rangres estrangeres qui
570 2622 2201 2817 nel soyent seutement disposćes; a agir. Ce qui ne
574 2708 2250 2891 se peut icus, parceque il faudioit que lete piece
572 2796 2201 2953 menat plusieurs autres de quite; a quoy elle
604 2900 1422 3027 e est pas asses forte.
1585 2856 2213 2972 il standivit, dons
560 2932 2275 3102 il reste en cette maniere (a monis que de retomrner
553 3011 2259 3176 a la facon de mon premier modelle) cete sentevoye
556 3097 2199 3245 que 2 V ne menat pas l'etoile, 2T. mais
565 3180 2009 3342 disposat Le grand imounement a la mener
2667 166 4409 331 Voicus done une construction tonte nonnelle, qu
2662 257 4412 440 la quelle, si elle peut renssir me donneroit on abrege
2667 354 4516 516 merveilleux. Car les pieces, 1(10) RL. Di H. T. S. X. _
3863 428 4460 551 Voicu comment
2664 465 3675 613 servient toutes retranchees.
2514 525 4504 683 lachoseniroit. Il y aura le colindre creax sur l'arbre.
2681 602 4509 762 fu a ce cylindre trendra la piece 1 V. la
2697 681 4444 845 quelle au temps du transioit, actissant contre quelus phose
2699 741 4456 912 du cylindre suivant, le disposera a rencontrer une piece
2695 810 4456 975 du grand Mounement qui, l'emportera bien viste au dessus
2690 878 4440 1035 de seu arbre, anau bien plus tost q'une dixpeme
2720 926 4460 1088 parte de son emonnement, ne s'acheve., En memest La
2685 982 4488 1153 meme disposition  se fera idans le quivant: ansi
2725 1051 4451 1216 il n is dura point, de difficulte nonr l'accrvissement de
2690 1174 3116 1336 la vistesse.
3179 1128 4481 1278 Mais il se presente une autre. c est
2704 1181 4447 1392 que s'il irs aorit plusienis transports de soite a faire
2711 1257 4514 1468 par exemple dix ou douze, il faudioit Necessairement
2715 1339 4477 1533 qu'ilo se fissent l'un apes l'autre. Et neantmoins
2732 1417 4405 1619 tous pendant que s la dixieme partie du
2704 1494 4449 1695 four se fait. Ce qui est bien difficile amoins qu'on
2697 1561 4493 1762 he tomne fort donement. It est viay qu'on poura
2734 1637 4451 1839 gagner une partie du temps, en faisant en sorte, que
2769 1702 4391 1899 le seut commencement du transport dispose deja 2V. dispose
2785 1760 4460 1955 reja l'abre sui une piece du cylindre sorvant a estre prise
2743 1832 4440 2006 quasi incontinent et immedratement pour ne perdre
2776 1895 4525 2080 porit de temps, et a fin que cela se fpsse plus viste on pouna
2787 2047 3128 2138 fane ensorte
3228 1946 4442 2091 il faudibit punc faire en sorte que la ro dugrand
2792 2082 3153 2182 monnement mar
3211 1999 4433 2149 t par exemple 20 fois plus viste que la
2836 2050 4437 2219 hone qui fait alter larbre. anisi Ce qui se pent, car elle n'aricu
3598 2108 4442 2210 cela nesi laservit pas pourtant
2813 2166 3545 2277 a mever que sa pesanteur.
4352 2193 4421 2263 cire
2769 2133 4498 2332 estre quetus chose, ontre le frottementu dus pivof. _t sunt pour bien faire
4435 2228 4474 2291 de
2817 2330 2924 2400 Et
2859 2261 4430 2446 il faut que 1V. tonchant seutement an cylindre. re dispose
2455 2314 4437 2548 quetque dose, lai estre mence par  la lone detadree du grand monnement
2799 2372 4493 2543 et a cette menee re faisant que commener, l'autre commencera
2783 2418 4391 2615 de ideme, et anisi de surte; l'une n'altendra gras la sin de
2848 2566 3040 2664 autre.
3089 2476 4498 2659 It fant neantum aris encor bren de la subtilite po
2766 2643 2912 2738 cela
2933 2564 4479 2777 songe a une autre voye, meilleure que tout
4113 2671 4467 2777 nonvement, et le
3033 2735 3058 2807 a
3061 2678 4011 2828 sil y a mogen de l'exeunter
2822 2780 2889 2865 et
2836 2726 4060 2914 il fant donc que I'arbre  engage dans le grand
2810 2729 4518 2972 cytinere portechiffre ne sorent point l'un sur l'autre. L'arb L'arbre allam
2785 2800 4507 3018 came dixieme parsie de sontour menera aussi le cytindre une dixieme
2794 2861 4460 3090 partie de sou sour. i mais avec cette differeme, qui le
2799 2914 4493 3136 cylindre ama fait sa dixieme tout ancommenement, avant, que l'arbre
2824 2965 4488 3203 'ait fait que le qualt de sa dixieme. Cela se peut arsement. par des
2834 3030 4484 3250 pignons. tpont gagne la place, a fin qu'on n'ait pas
2815 3090 4523 3315 besoim de placer arbre a coste du eytindre entierement, mars
2820 3162 4470 3349 un peusentement a coste a les pignons e seront pas egaux
2822 3201 4502 3400 maisbreu differens. Carbre porgra estre aussi estio minee onon vondia. pars
2797 3254 4488 3454 (it ina abontir ut piere immobile de qui le doit sontenir.) Mais le cylindre
2866 3305 4370 3481 orte duffre a sa grandeur determinee afin dravoir place pono les chuffres.
2741 3456 3014 3539 ot les signore
3038 3345 4507 3505 serolit de differente grandeur. Mais je voy que cela doit estre
2771 3398 4523 3592 aecommode impeu dune antre facon. Car in choselentelle meme est seme
2321 2103 2653 2177 + qui doib prendre
2386 2142 2613 2230 le cylludre
324 3954 1126 4019 COTTFRED VILIIEIM LEIBNIZ BIBLIOTHIEX
3965 3966 4354 4026 Signatur: Lt 42, 4. 1. (2I. 10
319 4021 1126 4088 NIEDERSRCHSISCHE LAMDESBIBLIOTHEK
