4858 4232
2574 141 4587 298 Accendere est facere, ut res combustibius flammam concipiat sive rem combustibilem in plamman
3047 211 3242 291 excitare
2574 300 4232 489 Accidit quod fortuito atque ex improviso evenit. P quod praeter opinionem geritur fit
2570 465 4375 663 Accingere et materiam flexilem ad vestem colligendam medio corpori circumjicere
2567 613 4810 844 Accipere anova possessione beari. Accipimus ab alio, quod datur P incipere habere voluntute ejus qui simut desinit aber
2577 778 4223 947 Acclivitas, quando aliquid leniter erectum et arduum in ascensu est. M vel
2595 881 3334 982 sumitur secundum notus sursum tendentn rd
3383 886 4738 1032 an in altum elevatur. Est augulus quem livea recta facit ad horzontem, quae
4256 865 4404 968 Auand
4462 888 4554 975 ocus
2572 994 4216 1130 Accolere est prope locum aliquem domum habere, vel potius agrum quem ipse colas
2574 1133 4728 1311 Accommodare est aliquid aptum reddere, utrei alteri quadret. commodum, videtur esse conveniensad patiendum
3160 1100 3465 1184 commodum alteri
2595 1215 2903 1283 et aptam ad agendum
3799 1137 3973 1217 sit, commo
2577 1318 4354 1483 Acervus congeries quarum cumque rerum, plurimum minitarum. M vel est multit
2892 1422 2988 1528 porane
4491 1457 4806 1554 U prues est lignotum
2567 1530 4782 1688 Acetum est liquor, qui ex corruptione duliedinem amisit. Aetum liquor factus acidus, speciatim exfermentanti
2567 1678 2986 1772 Acies acumente
2591 1732 3240 1822 Acies potius in lincem est in quam corpo
3049 1664 3103 1775 M
3125 1692 3204 1768 vel
3263 1758 3442 1833 durum desi
3327 1690 3682 1789 extrema rei du
3515 1768 3743 1840 acumen est punc
3823 1718 4079 1812 acrassitudin
3865 1779 4161 1871 acte secamus acur
2565 1840 2948 1932 Acquiescere est
4187 1779 4361 1909 pepungim
4260 1749 4305 1831 ut
4340 1758 4731 1885 impliquod iviens.
2572 1862 4712 2031 non altra conenienrem ra rem obtentam desideria non extendere. sponte quiescere post motum tanquam
2560 2010 2809 2085 Acquirere
2563 2031 4735 2193 ius in rem omninasum + petitam labore suo sub suam potestatem redigere. jus rei habere incipere. jus rei dico seu
2560 2181 4470 2369 Aculeus instrumentum vel membrum insectorum, quo pungunt. M. instrumentum pungen
2713 2264 4589 2428 acies rei ad res perforandas apta. oblongum noncrasum, acuminatum, aculeus ergo habet accimen
2548 2400 4284 2560 Acumenedrei in tenuem partem coitio, Acumen ingenii est acies sagacitatis L
2856 2372 3872 2478 exitas corporis duri exitus in punctum, ideo aptum ad penetrandum
4585 2294 4728 2419 el est
2976 2485 4296 2635 anima cogitans in intima quasi viscera rei penetrare potest.
4333 2485 4564 2593 vel quando
2551 2595 3571 2715 Additamentum et quod rei jam perfectae accedit
2548 2762 3884 2894 Adeo pedibus incedens me alteri sistere prosentem conos
2967 2715 3308 2816 vel generatim eundo
2546 2898 3846 3030 Adjuro id est, sanctissime omnibus confirmationis adsibitis
2560 2976 2939 3063 prastandum provolo.
2974 2992 3893 3098 prestandum provoco. interrogando juramentu
3877 2967 3980 3096 ugnis
4006 2971 4091 3061 uro
4020 3039 4187 3110 prte eo, ut
4105 3000 4352 3082 vel alique
4218 3054 4333 3138 spondem
4411 3009 4587 3105 ad jura
4613 3051 4700 3157 ntuque
2546 3108 3404 3213 Adivilir est post grevium conatum ali
2560 3166 3364 3260 possidere incipere: adi pisci est facti, acquirere ju
3430 3134 4669 3350 ijus rei participem fieri, vec in possessionem suam aliquid
2532 3268 4220 3446 Administratio est exercitium actuum circa munus commissum nequisitorum.
4300 3277 4509 3378 accipere.
2532 3423 4117 3594 Admittere est concedere alicui licentiam, ut se nobis praesentem sistat.
2527 3583 3973 3777 Adnihilare vessentiam rei ita destruere, ut nihil relinquatur.
329 4006 1213 4067 SOTTFRIED MILHIEIMLFIBRIIZ BIBLIOTHIEK
4194 4010 4676 4083 Bignatur: LHI a. 70. 2. 12401. 1
303 4081 1215 4149 NIEDERSACHSISCHIE LANDESBIBLIOTTIEK
4650 93 4716 198 2
