4866 4222
3000 103 4823 239 Copia opum multitudo, ubertas quaevis, larga facultas dandi, habendi fruendi M. muli
2996 143 3629 246 tudo rerum simul existentium
3000 262 4826 412 Coquere cum aqua conjunctum aliquid ignis vi cruditate liberare M. vel igne supposito
3005 337 4821 473 liquorem quendam in varios motus concitare, ut vel ex rebus injectis succum motu suo eliciat
3005 410 4021 508 sibique uniat, vel motu illo eam molliorem reddat.
3010 516 4828 675 Corium crassior ac durior pellis animalium J. L. tegumentum naturale carni animantium
3010 595 3312 691 superindutum.
3003 666 4849 820 Corona quae Cohonorant eos, quibus imponuntur M. ex Festo. vel est ornatus capitis eis conve
3007 741 4715 879 niens, qui vel regnum adipiscuntur vel tenent, vel alias dignum quid honore commiserunt.
3012 832 4823 1006 Corrigere tortuosum vel inclinatum dirigere J. L. concursu operae suae rectum facere M
3014 907 4823 1057 tollere ex aliqua re, in quibus peccatum est, et meliora in eorum locum reponere. facere vel
3019 971 4014 1078 suadendo vel cogendo, ut quis meliorem vitam degat.
3014 1071 4626 1210 Corrugare in rugas contrahere J. L cutem frontis in plicas quasdam contrahere.
3017 1168 4769 1339 Corrigia est lorum, quo verbe rabantur servi, ut corrigerentur atque emendarentur J.
3012 1254 4342 1379 lorum, quo calcei constringuntur. M. vel lorum calceis annexur
3017 1355 4291 1501 Corrumpere mutare aliquid ab essead non esse. L. P. ex meliori
4373 1318 4814 1430 quobi adpedem alligans
4319 1414 4814 1543 tatu in pejorem mutarea
3014 1501 4338 1630 Coruscare prae splendore radios, oculos maximè serientes emittere
4701 1508 4807 1590 quid.
3024 1620 4668 1761 Creare est producere rem secundum totam suam substantiam nullo praesupposito su
3026 1695 4659 1827 produtere ens ex nihilo L. P. ex nihilo vel ex inhabili materia facere aliquid.
4729 1702 4814 1799 to, ve
3024 1775 4532 1923 Crepusculum est lux crepera sive dubia, quae manè dicitur ante ortum soli
3033 1845 4793 1996 post ejus occasum crepusculum in specie L. P. extremum diei tempus J. L ex Festo. vel tempo
4549 1857 4814 1960 aurora, vesper
3024 1909 4779 2057 quo radii solis ex umbra noctis primum emergunt, ipso sole adhuc sub horitonte latente
3028 1972 4755 2143 vel tempus, quo sol jam tum sub horizontem nostrum descendit, radiis ejus adhuc aërer
3024 2047 3873 2146 circum stantem quodammodo illustrantibus.
3033 2153 3962 2261 Creta terra alba et tenax int epnitus partibus tia
3026 2247 4795 2425 Cribrum pistorium vas J. L incerniculum, quo farina a furfurum recrementis separatur M
3031 2322 4812 2486 vel est instrumentum domesticum, cujus inferior pars fit interdum ex pilis jumentorum, plerum
3038 2383 4821 2544 autem ex minutis bacillis trans versim inter se positis Hforamina tamen relinquentibus, ut fru-
3028 2451 4434 2570 mentum in eo motum paleas per illa transmittat, atque sic purius evadat.
3031 2530 4823 2716 Crimen delictum, quod factum est J. L delictum, maleficium et frans poenis digna L. P. id, quod per
3038 2605 4837 2779 contentionem alicui objicitur M. ex Perotto. ob quod aliquis cerni, id est, judicari potest M. vel est
3033 2673 4596 2809 reatus ob factum aliquod malum ab homine commissum, vel malitia pravae actionis.
3035 2777 4826 2948 Cruditas affectus stomachi, qui nascitur ex aegra concoctione J. L. qua quid non coctum et ad huc
3035 2845 4816 3004 in cruore est. M status rei, quo illi adhuc insunt sapores acerbi, qui eam ad comedendum red
3035 2892 4830 3089 dunt ineptam, vel status rei, qui facit, ut cibus in stomacho, quia nondum coctus est, concoction
3038 2955 3338 3046 non admittat.
3040 3065 4223 3199 Crumena vasculum ad pecuniam in eo reponendam aptum.
3040 3159 4722 3335 Crus est pes a genu usque ad plantam, ex duobus ossibus, tibia et sura constans M
3040 3265 4807 3433 crusta id excrementum, quod vel ob putredinem vel concretionem super alicujus rei superficie
3043 3330 4819 3497 nascitur. J. L. vel qua quid integitur. Cructa lapidis, aut ligni, aut gelu pars. Crustum edulium ali
3045 3394 3932 3504 quod signi ficat, partem scil. panis vel placentae. S
3040 3471 4584 3600 furni, qui in eam partem vim majorem exercere potest, exsicata atque indurata.
3960 3422 4821 3569 Crustum itaque est pars exterior panis, ab igne
3045 3572 4833 3715 Crux, ubi damnati clavis ligno infiguntur et ad mortem feriuntur. H. Crux est inferior
3050 3649 4821 3773 defixusque stipes, patibulum est pars patens et transversa H ex Lipsio. vel est ex lignis transver,
3052 3717 4821 3844 sim inter se connexis composita structura ad homines, qui eo supplicii genere digni videntur, in
3055 3773 3721 3858 ea alligandos aut clavis affigendos.
342 3996 1205 4060 COTTFRED VVILHEII LEIBNIIZ BIBLIOTHIEX
4204 4006 4673 4071 Signatur. LtI 4. 70. 2. 1275I.135
337 4067 1208 4128 MIEDERSACNSISCHE LANDESBIBLIOTHEK
4670 68 4730 158 19
