4851 4257
2991 104 4789 241 Decorum significat tam ipsum honestum, quam quod hominibus et communi opinioni honestu
2994 179 4791 300 videtur et pulchrum et probabile. J. L ex Valla. quod ita naturae consentaneum est, ut in ea
2994 255 4789 357 moderatio et temperantia appareat cum specie quadam liberali J. L ex lic. quod sua convenies
2999 319 4772 423 tia affert ornamentum et laudem L. P. vel secundum quod quis actiones suas juxta temporis, loci
2989 390 4798 494 ac per sonarum, cum quibus versatur, circumstantias rectè instituit. quod virtuti conforme videt
2989 494 4787 600 Decus honoris, decor formae, decorum actionis. P. est honorificentia ex bene gestis rebus J. L. vel
2989 562 4803 685 res quae decet, quae ornamentum alielui adjungit, quae facit, utaliquid juxta opinionem hominus
2989 636 3394 737 bonum judicetur.
2989 737 4796 849 Dedecus ignominia quaedam et insamis turpitudo J. L res, qua non decet; ob quam quis vitu
3436 711 3916 785 qua ex torgitet gestis nascituri
2982 813 4673 924 peratur; quae facit, ut aliquid juxta opinionem hominum ineptum aut turpe judicetur.
2980 919 4794 1035 Dedicare Deo dicendo dare atque dicare, consecrare est e profano sacrum facere non verbis ma
2980 983 4798 1099 do solemnibus sed etiam manu P.  dicendo deferre M ex Festo. vel est nomen alicujus scripta
2973 1052 4801 1168 praefigere vel ob admirationem virtutis ejus, vel in grati animi indicium, vel certae tutelae par
2982 1128 3202 1215 dae cansa.
2973 1213 4817 1348 Dedignari indignum habere, contemnere J. L. non judicare dignum M. rem, quia displicet
2975 1300 3159 1374 rejuere.
2975 1348 4605 1468 Defetisci labore deficere J. L. labores certae tempore amplius tolerare non posse.
2977 1442 4824 1598 Deficere, partes, quas antea sectati sumus, deserere; cum iis amplius non facere; eas amplius non
2970 1520 3190 1610 defendere
2970 1579 4820 1695 Degener qui patris vel majorum suorum moribus non respondet J. L ex Servio. qui a genere descis
2970 1650 4519 1764 scit M. qui virtutem generis sive familiae sua vel parentum suorum non sectatur
2977 1743 4808 1865 Dejicere deorsum mittere J. L. ex loco celso aliquid jacere vel protrudere, ut in corpus inferi
2970 1816 3545 1922 proxime adjunctum cadat.
2975 1899 4817 2010 Delere lineam vel notam destruere J. L. lineas ducere per verta scripta, ut illa nullum vac
2973 1967 4820 2083 lorem amplius habeant; facere, ut res id esse desinat, quod antea fuit; totalem interitum alicui
2970 2043 3157 2149 afferre.
2968 2123 3975 2239 Demere partem rei alicui subtrahere, aufferre.
2968 2230 4815 2348 Democratia est forma reipublicae a pura politia aberrans, in qua sumuntur, qui praesint, non ex una
2968 2301 4817 2409 virtute, sed ex habita potissimum ratione libertatis. L. P. vel est forma reip. ubi plebs proprio sabtem con
2961 2367 4822 2466 modo intenta summum imperium tenet; ubi imperantium quilibet proprium quaerit commodum
2956 2461 4827 2563 Demonstrare aperte et palam monstrare J. L certis et necessariis rationibus aliquid comprobare t
2968 2530 4822 2625 syllogismum facere constantem ex praemissis veris, primis et immediatis, causis conclusionis, notiori
2965 2582 4801 2691 bus et prioribus. Schmidius. solidis et fallere nesciis rationibus allatis alicui rei fidem facere, sci
2958 2655 3573 2771 tiam de re aliqua progignere.
2961 2745 4832 2842 Depsere subigendo manibus aliquid molle et tenerum reddere J. L. coriariorum more emollire M
2963 2809 4827 2897 vel est farinam cum aqua affusâ tin massam redactam manibus saepius deprimere, ut aqua cum omn
2961 2864 4723 2970 bus partibus farinae eo melius misceatur, fermentumque injectum ad omnes partes transeat.
2954 2958 4817 3074 Descendere e loco superiore in inferiorem venire J. L. gradatim de loco alto in humiliorem ire
2961 3072 4820 3157 Designare describere, quasi per signa demonstrare J. L rem novam facere in utramque partem bonam
2958 3135 4829 3232 et malam J. L ex Donato. per signum ostendere, admittere bonum aut malum M. vel signo notare
2951 3199 3673 3311 quomodo in re aliqua sit operandum.
4675 3292 4777 3405 tucica
2951 3417 4091 3523 Desistere standi apud rem finem facere, rem relinquere.
2949 3523 4822 3627 Desperatio aegritudo sine ulla rerum expectatione meliorum J. L ex Cic. qua quis est extra omnem spem
2947 3601 4808 3710 est status, ubi nullam spem homo sibi superesse putat, detrudens eum ad extrema quaevis audena
2951 3701 4822 3817 Detripientum, quod detritum est, q vel quando de re praeter intentionem possidentis aliquid
2948 3774 3916 3866 deteritur, detrahitur vel perit. vel amissio bordi.
347 4032 1208 4093 COTTFRIED VILHIEIMLEIBNIIZ BIBLIOTHIEL
4200 4037 4687 4110 Sionatii. L.1I a. 70. 2. 12731. 211 C
333 4105 1210 4167 NIEDERSACHSISCHELANDESBIBLIOTNIEK
4652 61 4718 127 21
