4946 4450
143 100 1224 229 a est b erit a subjectum et b erite
51 227 247 296 ledicatum
798 200 1493 301 quia bc est b quae novissima est
44 244 1157 346 si a est bc etiam a est b. Est propositio
39 316 1137 415 St aC est b etiam a fundamentalis circa
37 370 1048 477 usum churacterum h hujus characteristicae
39 445 1159 556 Si a est b et b est a. potest unum pro
44 519 776 605 aultero substitui salva veritate.
51 583 1204 679 Subjectum substitui potest in locum praedicati
56 642 1194 749 est  regula faidamen seu si a est b. et
74 712 783 810 b est C. etiam a est C.
870 714 1172 808 Natuebest
66 773 1157 880 Nam qui dicit b est C. nhil aliud dicit quam
61 833 1174 936 hoc omne subjectum cujus praedicatum est b,
69 892 1234 1018 est c. atqui a est tale subjectum ex hypothesi
103 981 1267 1100 bc est b. seu animal rationale est animal
79 1053 900 1171 est etiam propositio fundamentalis
69 1137 1152 1246 taque hae tantum po duae propositio nus pro
61 1208 1105 1330 Una tantum est propositio funiamentalis:
106 1278 363 1379 bc est b.
69 1330 1221 1433 Et una lantum est consequantia fundamentalis
59 1401 1293 1517 si A a est b. E et b est c. ergo a est c.
103 1490 1184 1609 Hinc si a est b, et b est a, potest
106 1574 1216 1676 unum in alterius locum substitui salva veritate
118 1651 1191 1745 nam quia a est b, poteris sit propositio:
116 1710 1142 1817 a est  b est c. poterit substitui a est C,
98 1787 571 1881 quia ar, a est b.
853 1787 1224 1883 sit porro propo
91 1841 1149 1958 itio h ese c d est a. d est b substitui
91 1913 1157 2034 poterit d est a, quia b est a. Nimirum
81 1980 1149 2098 quia a est b potest a substitui in locum
113 2044 1219 2173 b subjecti,  At quia b est a poterit a sub-
116 2128 712 2232 stitui in locum b praedicati.
108 2187 1231 2284 idem est a et b. si unum ubique in alterius locum
91 2237 1221 2363 substitui potest. Sinili est idem tale seu quorum
729 2296 766 2353 va
113 2306 1159 2427 Semile est cujus diversitas probari aliqua
116 2380 633 2484 ratione non potest.
123 2415 1174 2529 similia sunt quorum diversitas brobari non
131 2489 1182 2588 potest a priori, quateus seu quatenus hoc
136 2529 1179 2645 sunt quod dicuntur, ita figurae similes
140 2590 1164 2707 sunt, quorum diversitas probari non potest
158 2640 1251 2766 quatenus sunt figurae, nempe ex situ et magni
165 2714 338 2798 tudine
126 2746 1162 2875 Si a est C, et b est C
111 2818 1169 2949 et a et c esse abstracta probari non potest
113 2890 1204 3008 per variationes ipsius c e se  per abstractou
111 2946 1231 3070 ipsius C. variationes erunt haec duo C inter se
113 3021 751 3122 similia. Sed metius aliter.
121 3063 1246 3191 Qualitas e esteed seu Tate est praedica
111 3132 1251 3246 tum quod inelligi potest  memoria retineri potest
111 3196 1149 3288 itaque memoriu tetinere possumus calorimu fa
106 3250 1149 3352 nect. sinc externo adminiculo, seu quod
123 3300 1219 3409 ar Quantitas seu tantum est praedica
116 3377 1236 3473 tum quod sine adminiculo externo retineri
116 3431 405 3520 non potest.
573 3433 895 3510 Calorem Calid
103 3478 1201 3597 ta calidum est praedicatum quod retineo, nam
101 3545 1238 3641 iterum redeat bene id agnosco. At Numerus
96 3597 1224 3708 lagnitudo retineri non potest sine aliquo admi
88 3656 1194 3770 iculo nempe mensura aliqua, aut nomine
74 3723 299 3802 namerali.
103 3762 1246 3854 solo Numero differunt quae non nisi tempore, et loco
89 3817 1159 3903 distinguuntur, seu quae per se discerni non possunt
108 3864 1209 3962 Similia sunt quae  per se discerni possunt si
108 3925 377 4022 unt int
2742 83 3279 190 De eprbpetetianibus unia
2549 155 3702 286 Propositio  identica: a est a vel a estab.
2539 249 3694 363 Propositia vera. A a _a si C est ab.
2522 313 2960 412 effirmatio affirmativa
2554 331 3672 452 Propucitio identica: a est a, ut animal est
2584 402 3719 519 animal. vel ab est a. seu animal rationale
2559 546 2680 613 Affirum
2609 462 3682 580 est animal. posses generalius dicere:
2606 548 3637 640 nopositio idantica est haec: ab est a
2591 593 3674 724 na  potest  b habero pro non adjecto
2789 608 2851 674 d
2534 716 2576 877 n
2596 665 3615 796 vel nihil significante, ut inde fiat a est a.
2576 751 3669 872 mposita vera est: c est d posito
2606 756 2700 818 irm
2571 815 3758 932 esse c cabcaes ea propos C aequi poll. abi
2569 904 3054 991 et d aequipoll. a.
3113 875 3741 966 Hinc patet omnem voram
2564 932 3729 1053 revocari posse ad identicam, et ipsam identicam
2569 974 3704 1110 contineri sub vera identicam etiam esse
2513 1023 3766 1186 erm veram cum scilicet   pro C scriptum
2513 1087 3766 1243 est ape loco c scriptum ab initio est ab, et
3724 1171 3754 1254 es
2512 1196 2928 1290 loco d scriptum a.
3091 1154 3669 1255 Patet etiam identicam
2512 1211 3669 1362 esse per se veram, caeteras autem quatenus
2512 1300 3158 1419 ad identicas revocantur.
3264 1258 3687 1362 Si quis dubitat
2515 1339 3697 1475 an propositiones identicae sit verae, cum eo serium
2511 1386 3699 1547 negio mihi esse sob. Nam frustra disputabimus,
2511 1456 3622 1619 etiamsi enim probem rem aliquem esse, ine
2524 1525 3672 1673 respondebit ille ea i non esse. Qui ergo aliam
2532 1602 3667 1733 Decinitio quaerunt veritatem ali eam
2534 1713 2935 1809 alibi quaerent.
3333 1673 4063 1794 Definitio est ab positi eaqu poll
2542 1752 2977 1891 Raciq definitib
3068 1735 3672 1839 cegegat Gosu. a
3405 1812 3657 1906 verbi gratio
2576 1819 3316 1958 De finitio manidalle ab.
2591 1886 3222 2002 hauto est animal rationale
3321 1861 3662 1982 quaratum est
2562 1930 3692 2074 quadilattect aequilaterum rectant
2576 2039 2759 2116 nutum.
2554 2056 3355 2182 Raquesitut to te deciti
2574 2108 3684 2262 Rape Resolutio est substitutio
2554 2192 3318 2314 definitionis in locum definiti,
3402 2182 3677 2279 Compositio
2512 2232 3697 2400 est substitutio definiti in locum definitionis
2581 2326 3734 2484 Ejusdem definiti multae possunt esse defini
2507 2412 3672 2556 tiones. Sit enim de finitum a, ejusque
2524 2487 3672 2635 definitio bc de sitque bc aequ. L. et
2527 2585 3662 2712 bd aequ m. et cdaequ M. tunc oriuntur
2512 2657 3664 2791 tres novae ipsius a definitiones, nem pe:
2519 2729 3650 2850 a aequ. ld. a aequ. mc. a aequ. nb cui
2537 2808 3276 2922 accedet quarta a aequ. bcd
3388 2801 3635 2890 Et quodem
2529 2840 3669 2983 si termini bic. d iterum resolvi possint
2517 2912 3635 3048 fient multo plares: Exempli causa, homo
2522 2974 3615 3102 est aele substantia extensa rationalis.
2529 3028 3687 3164 sentiens rational numo est vivum sentiens
2510 3085 3664 3226 rationale. Virum sentiens est animal
2512 3157 3336 3285 Organicum sentiens est animal
2579 3201 3630 3339 homo est substantia sentiens conscia.
2505 3263 3702 3401 substantia sentiens est animal substant ia conscia
2519 3332 3613 3463 est qua verbi gratia: quadratum est
2524 3391 3506 3527 planum quadrilaterum aequi angulum.
2502 3438 3689 3592 homo est exte seu sensibile sentiens rationale.
2544 3525 3645 3661 Exempli causa: 24 est 2, 3, 4. jam
2527 3587 3583 3723 2, 3 est 6. et 2, 4 est 8, et 3, 4 est 12. Ergo
2510 3663 3679 3794 fiet: 24 aequ. 6, 4. 24 aequ. 8, 3. 24 aequ. 12,2
2519 3762 3109 3875 et veuique 24 cequ. 213, 4.
3793 1292 4392 1399 + seu an animal sit animal
4305 4220 4790 4301 Sionalur: Lti a. 7B. 2. 11131.515
363 4217 1216 4286 COTTFRED UILHIEIM LEIBNHIZ BIBLIOTHIER
351 4294 1211 4363 NIEDERSACNSISCHELANDESBIBLIOTHIEN
3786 1778 4876 1841 Si C aequinda ab. aut C defininom. a
3788 1824 4879 1923 et ab definitio. verbi gratia homo est adem
3758 1898 4864 1997 onqulo amimal rationale. Quaddatum est con
3815 1928 4631 2037 quod quadrilaterum rectangulum.
3734 1982 4852 2133 emec ptacus cese qui Res simplex seu
3825 2042 4869 2170 terminus primus, seu notio per se concepta
3833 2111 4879 2229 cet vel terminus primus, vel notio simp
3937 2173 4866 2276 est cujus nulla est definitio eu
3872 2328 4889 2449 definitio,, seu qui non nisi per se concipita
3872 2385 4886 2504 cum scilicet nihil aliud in ejus conceptum ingrem
3796 2501 4866 2632 Dantur termini primi, nam si nihil per
3835 2571 4876 2687 concipimus omnido nihil concipimus. peritm
3833 2623 4849 2734 enim esset ac si quaerenti responderem
3850 2736 4861 2855 et hasum explicationem quaerenti rursus
3877 2788 4824 2917 per alias quas non intelligit, utique
3867 2840 4829 2993 Ac demper pergam, nihil intelliget
3939 2234 4602 2341 quae resolui non potest
3865 2267 4886 2393 erminus primitivus est cujus nulla est
3877 2445 4894 2568 quod cum alio concurrens ipsum produca
3850 2679 4834 2798 semper per voces quas non intelligit
4547 269 4665 440 es
