4578 4251
763 443 1037 533 cuidam Elli
240 505 455 578 coincidur
85 521 1020 635 Fita coincidunt allipsis secta ex cono,
99 585 1051 701 et sectae ex cylindro; si, certa quodm
80 637 1051 774 utrobeque dete iu scilicet cum conus
111 701 1001 833 et Ellipsis se secant et cylinder
118 769 994 921 se odaquo secare intelliguntur
408 963 611 1043 vel sunt vel
42 977 1079 1131 Homiogenen sunt quae transformatoe reddi possunt similis
51 1043 1048 1190 Ae qualia sunt quae trans formave reddi possunt congrua
66 1121 698 1249 aequae si similia sint conguaa sunt
1256 37 2456 151 hoc soto scilicet quod revera non sunt unum, sed iluta
1119 125 2237 257 solo numero differentes in natura non est
1124 198 2229 337 hujus loci, sed ad Meta physicam pertinet;
1126 273 2166 418 nobis sufficit talia reperiri posse, quae
1117 347 2234 481 imaginatione, sive sensuum apparentia
1112 406 2166 557 discerni non possint. Cum autem res
1143 479 2286 644 ne numero quidem differunt, et si fortea
1622 545 1920 625 strase
1131 557 2289 722 differant expressionem dicentur coincidentes
1235 691 1743 812 patet autem cojus
1537 649 1738 725 quae sunt
1851 651 2279 746 tiqu multo magis
1485 743 1528 810 dac
2012 710 2279 781 pagis congluque
1145 748 2206 873 esse congrua, et congrua multo magis
1138 810 2270 942 esse et congrua multo magis esse similia.
1145 873 2277 1020 plura autem requiri ut aliqua demon
1110 930 2258 1095 strantur, coincidentia congrua, quam ut
1119 1010 2246 1164 demonstrentur similia quam ut congrua
1136 1081 2255 1218 et plura ut demonstrentur congrua quam
1133 1147 2248 1291 ut demonstrentur tantum aequalia vel
1138 1251 1620 1360 tantum similia.
1197 1277 2253 1447 Quaecunque similibus et similiter
1138 1367 2208 1513 determinantur, ea sunt similia. Et
1140 1445 2260 1594 quae secundum unum determinandi modum
1143 1511 2263 1664 Similia, ea etiam secundum alium deter–
1148 1584 2260 1724 minandi modum similia sunt. Deter–
1140 1648 2258 1787 minata autem dicuntur, cum conditiones
1129 1716 2246 1875 datae sunt, quibus aliqua ab aliis omnibus
1133 1825 1667 1938 discerni possunt.
1178 1846 2253 1997 Si duo sint similia tunc comparati
1138 1924 2255 2071 nulla alia in ipsis institui potest compa
1126 2090 1790 2234 inter se, et tagia
1830 2087 2248 2163 sive eadem
1129 2134 2263 2316 ratio,  respondentium. Sunt
1148 2231 2255 2385 autem respondentia, quae seu unum
1145 2300 2194 2460 ex pluribus ab una parte, cum alio ex
1157 2361 2270 2536 pluribus ab alia parte, si illud ex plunte
1148 2423 2251 2593 ab una parte, secundum quandam relatiot
1152 2498 2270 2663 eodem modo refertur ad isua complur
1152 2552 2260 2727 ut hoc ad sua complura, quae
1169 2614 2255 2791 in Triangulis similibus dicuntur ho mologa
1155 2675 2241 2859 ratera. possunt tamen esse Responsus
1157 2746 2237 2921 tamen potest esse et in dissimilibus,
1155 2810 2248 2989 diameter axis majo exempli causa
1138 2941 2349 3122 caxis major axis minor,centrua
1159 3081 2289 3261 centrum centro,  peripheria peripheria
1247 3174 2215 3327 similitudines interdum cognosci
1178 3235 2263 3419 possunt per Magnitudines ita similes
1178 3313 2227 3471 sunt figurae, cum anguli respondentes
1166 3388 2177 3535 sunt aequales; et cum item cum a
1174 3445 2265 3594 ita eadem ratio agnosci potest item cum
1166 3497 2277 3658 latera set respondentia sunt proportionalia
1174 3561 2215 3729 proportionalitas autem seu aaqualitas
503 3625 2291 3799 identitas duarum lationumdrm intelligitur, cum, num eri pro=
1183 3684 2281 3837 venientes si antecedens dividatur per con–
1188 3755 2067 3905 sequens utrobique sunt aequales.
2234 503 2774 621 allant diverso respectu
1129 2019 1957 2149 ratio Magnitadinis quam
1155 2874 2349 3063 si duae sint Ellipses dissimiles a peripheria,
214 1797 949 1922 Data aliqua possunt intelligi
212 1853 897 1969 vel cognitione, ut si sciam
210 1955 897 2021 pedea b. gylam esse
196 1981 890 2078 sex pedum; vel actu ipso
212 2028 994 2163 ut si eiam quis mihi orgyiam
222 2099 883 2224 firum vel lignum vet quod
233 2139 994 2297 orggiae magnitudinem habeat
2338 2869 3472 3038 differant tamen discrimen ergo apparebit.
2386 104 3500 203 Contra Magnitudines vicissim inveniuntur
2330 172 3519 291 per similatudines, ut Magnitudines Angulorum
2329 231 3536 370 per similitudines figurarum, magnitudines
2338 299 3448 434 numerorum, per identitates rationum
2343 351 3529 501 interdum Et interdum evenit, ut quod prolixa
2775 434 3455 547 indiget demonstratione
2775 479 3566 606 secundum viam magnitudinis
2442 559 3498 691 facillime demonstretur secundum viam
2349 611 3680 793 similitudinis, exempli causa, Triangula aequiangula
2352 694 3481 840 habere latera Homologa, item circulos
2336 795 3200 928 esse ut quadrata diametrorum
2456 852 3477 1003 Quod vulgo vocant comparationem
2329 939 3415 1084 Aequationum, nihil aliud est, quam
2316 1003 3528 1157 cum essi supponittur duas formulas licet
2319 1081 3479 1249 diverse expressas esse coincidentes, unde
2311 1171 3434 1324 respondentes quoque magnitudines
2324 1239 3458 1388 quae unamquamque determinant, debent
2324 1296 3505 1478 inter se esse aequales. Et Hoclocum habet
2326 1376 3444 1537 nontantum in magnit aequationibus
2329 1433 3470 1605 sed et in formulis magnitudinum, imo non
2324 1502 3425 1683 tantum in formalis magnitudinum, sed
2336 1579 3385 1745 et in formulis quibus vis aliis, ut si
2324 1655 3448 1799 literae non designarent non magnitudines
2331 1766 2697 1877 sed puncta.
2891 1714 3451 1842 potest locum habere
2331 1780 3441 1946 Valiu comparatio, cum duae formulae
2343 1846 3500 2019 licet. Simili Comparatio autem similium
1962 1904 3642 2107 Ratio ipsorum locum habet, etiam cum non sunt coincidentia
2340 1971 3784 2165 exempli causa sit si sit g + xx aequ aa seu 25
2395 2059 3804 2224 et y + x aequ. b sen necesse estttum x quam y
2340 2130 3618 2326 similiter determinantur ex a et b. per formulam
2343 2205 3465 2394 Scilicet ambignam seu duplicem. Qualis
2343 2293 3479 2456 formula ambigua seu duplex est 14.
2352 2371 3472 2522 significat enim tam +2 quam -2.
2357 2425 3566 2595 seu radix  quadrata de 4 est tam
2345 2489 3510 2661 +2 quam -2; quia utraque in se ducta
2917 2567 3633 2675 ret qu+ xx aequ ac da
2307 2609 3026 2737 dat 2. Itaque ut uenimus
2322 2604 3909 2812 et y + x aequ b Nam Calculo instituto fiet Xaequ. Vaa. 2bb +2b
2343 2715 3406 2907 fetseu x aequ +. unde statim
2335 2777 3944 2956 dicere possumus, etiam y f esse aequal. b. 32aa- bb,
3576 2911 3923 3020 a bb significut
2336 2942 3644 3100 explicatione ambiguitatis, nam ita significat
2332 3004 3470 3171 vel q vel _a unde majus exhis
2331 3048 3923 3244 duobus X et y, dicemus valere +B,  seu X + YL aa-bb
2324 3115 4377 3315 minus dicemus valere.1d seu ut ex consideratione b- V aa bb. Exconsideratione
2345 3218 3493 3370 autem similitudinis, id commodum habemus
2359 3270 3682 3433 quod uni script o tuvento statim et alterius
2338 3332 3708 3518 Valorem scribere possumus sine novo calculo. A
2423 3374 4292 3589 ita consideratio figuram amphidextrarum quae qualibet diametro
2350 3462 4006 3660 qu semper i n partes inter se aequales et similes secantur
2317 3559 3711 3733 distingui possunt, utilis est in Geometria nam
2333 3613 3765 3776 de illis dabitari non potest habeant ne centrum
2350 3639 4337 3847 gravitatis an non. cum centrum magnitudinis in illis es ipsum centrum
2345 3705 4443 3899 gravitatis, sed hinc demonstrari potest omnia etiam alia corpora habere tale
3011 3776 4367 3895 m omnia enim continue resolvi possunt in amphidextra
3687 840 4436 939 cmbinalora enim seu docteima
3729 904 4403 987 de formulis generalier est
3729 944 4405 1048 Cogistica seu doctrina
3718 1010 4060 1109 Magnitudinis
3668 1258 4015 1355 coincidentes
337 4036 1124 4099 COFTFRED VVILHIELI LEIBNIZ BIBLIOTHIER
3970 4045 4370 4106 Sionatu:. LH 4. 7B. 6. 1181.30
323 4104 1126 4173 NIEDERSACHISISCIIE LRNDESBIBLIOTIIEN
4063 1473 4440 1565 √2aa-bb equ
4176 1634 4405 1716 AC. sit a.
4190 1683 4407 1775 AE sit b.
4136 1733 4415 1837 AB x
4235 1799 4346 1877 de,
4091 1825 4488 1924 AB aequ. au 2B2C
4093 1896 4285 1977 A2B aequ
4341 1877 4487 1973 1Bic
4329 129 4398 206 se
3715 2314 3850 2380 asit
3706 2354 3833 2437 bost +
4015 2295 4521 2401 yy+xx+2xy aequ bl
4011 2401 4521 2503 Et Fxy aequ bb-aa
4079 2378 4129 2437 ac
3977 2484 4415 2600 et y aequ bb-aa
4303 2552 4360 2607 X
3975 2612 4363 2685 et y aequ. b-x.
3982 2673 4528 2748 Ergo bb- acuqu
3996 2744 4542 2824 seu a ax+ xoquaa
4001 2805 4495 2867 seu x aequ as
3999 2841 4540 2947 seu xaequ va . bb+
3992 2900 4452 2987 Eodem modo et
3999 2968 4502 3048 stati im certo scribere
4048 3025 4514 3138 sit a, 6, et b sit
3727 3247 4041 3353 tiehi poterit
3734 3285 4481 3392 pullum inbi pse ( per centrum ducta
4370 3171 4509 3294 adjecta
3739 3175 4391 3299 constructio quoque quae circulo et re
3795 2068 4393 2172 F etiam valorem eorum
