2333 4073
113 54 1283 181 De Ub Artis combinaloriae praestantissimo
76 133 832 271 qui est scribere Encydopaediam
115 199 1147 337 Qui Multa valde a se invicem diversa
67 271 1199 402 et valde difficilia quaerit, is facilius ea inveniet,
65 332 1185 457 cum aggredietur integram Encyclopaediam, vel
81 375 1248 522 saltem integram scientiam in qua ipsa continentur
70 450 877 588 quam si quaerat ea singulatim.
147 500 1215 642 si quaeramus aliquid in quo inter se conjunguntur
74 556 1163 705 quaedam  conabimur fingere quendam
67 620 1246 753 modum originis, ambobus communem, ita quaeremus
67 669 1224 803 aliquod solilum cujus sectiones sint haec ambo, vel
58 726 1244 855 unum quendam Motum  ubi ambo simul edeant,
76 778 1061 911 vel unum ad alterius descriptionem serviat
128 832 1240 977 de scubenda Encyclopaedia inventoria, cujus
67 893 1242 1061 ope appareat origo inventionis, si eaque tam
79 986 773 1113 synthetica quam analytica.
147 1002 1369 1165 De praedicamentis Artis Combinatoriae Universalis,
74 1077 1412 1242 seu de dictionanio forma to ex Alphabeto cogitationum
70 1194 425 1294 humanalum.
165 1201 1237 1359 Cum infinitae sint propositiones possibiles
65 1276 1280 1405 onnotanda maxime sunt Thegremata pulchriora
79 1332 1264 1486 seu ab ex valde mit multis et valde dissitis
74 1387 1244 1536 aliquid odit valdebreve. Item series integrae.
51 1445 1160 1597 theorematum infinite. Item annotanda sunt
70 1511 1292 1651 problemata ex caeteris excerpenda
64 1574 1178 1708 utiliora ad progrediendum in cogitando. dende
70 1613 1326 1769 vende enumerandi quo Ex casibus variis excerpendi
92 1672 1244 1814 li qui continent a liquid unicum seu praecaeleis
72 1726 1264 1880 determinatum, ut cum agitur de Maximis et Minimis
305 1783 1140 1916 deto Theoremate invenire dem
300 1853 1097 1991 Cet eodus Analytica raroua est
58 1902 1226 2068 plerumque habet synthesin mistam. ut si madhtuam
52 1966 1187 2099 parem et quia memini usum rotae coronariae et
45 2011 1228 2185 Tympani, aliunde notum haec inter se conjungem, erit
49 2077 1165 2240 synthesis sed si meditandi necessitas me cogat
47 2140 1147 2296 uti rotis quibusdam in medio non sustentatis nec
38 2203 1115 2348 aaxem habentibus, cum scilicet in medio motus aliquis
33 2240 1201 2396 liber postutatur, ut in instrumento illo cextorio quod
42 2301 1183 2443 Spigilicum vocant, tunc cogor uti rota sespensa inter
38 2360 1187 2504 duas alias, solisque dentibus sustentata, et hic inveniendi
42 2430 701 2559 modus est _ pure analyticus.
178 2457 1230 2597 Analytica Methodus vel fit in eo consiistit,
31 2525 1289 2658 ut nihil aliundeassumamus, nec etiam aliquid assumamus
31 2572 1350 2724 quod ad solutionem ejus de quo quaeritur non sit necessarium
38 2618 1357 2774 id enim non potest praestare Methodus synthetica in specialibus
49 2694 1228 2817 semper enim vel cus autimur vel pluribus quam opus est
49 2735 1224 2871 utimur, nisi forte casu contingut, ut ai ea quibus solis
29 2780 1172 2937 indigemus incidamus. D in Analytica Methodo
24 2839 1242 2989 id quod quaeritur exhibeamus tanquam fa consideremus
33 2880 1384 3038 ante omnia an ex his conditionibus exquibus dete quaeritur
58 2941 1380 3093 sit ita determinatum, ut sit unicum; an vero infinitas
67 2986 1545 3145 vel infinities infimtas habeat solutiones an vero sit determinatum
33 3068 1253 3206 ad certos casus. Quaeriturque vel determinatio omnium
65 3104 1269 3251 vel quorundam tantum. S quaeritur aliquod tantum
36 3154 1305 3303 e ex cogitemus (ilicet determinationes quibusid de quo agitur
42 3204 1439 3357 cum prioribus determinationibus compatibiles quod sape magnae
18 3269 1303 3412 est artis. Quanto autem rem magis determinatam
45 3321 1330 3459 teddiderimus, eo facilius solvemus, non semper possibile est
36 3362 1547 3529 determinationes reperire perfectas. Quod etsi nondum demonstraverium
27 3414 1511 3584 a priori, video tamen a posteriori, nam alioqui omnes irrationales
45 3471 1595 3627 porent rationales. Quando vel non possumus reperire specialiores
52 3520 1563 3679 reterminationis, tunc videamus an licent forte generalius aliquod
56 3595 1445 3729 problema concipere, quod istud comprehendat, et quod sit
58 3629 1579 3790 solutu facilius isto. Ita Tangentem quaerens, cogitet d nnhil aliud
97 3686 2174 3839 esse, quam quaerere rectam quae ita ex dato puncto educta secat in duobus punctis
106 3749 2068 3878 nod ita ut intervallum sectionum sit datum; quod sipo hanc propositionem
1914 319 2097 380 aliquam
1312 357 2256 452 Hinc si possemus investigare veram originem
1357 402 2231 509 globi terreni, seu modum quo potuisset
1357 454 2260 565 revera intelligi generatus, facilius possemus
1396 511 2283 613 reperire naturam plantarum et adalium
1400 574 1830 662 quam alio modo.
1468 832 2086 952 potissamarum quas habemus
1488 898 1771 984 veritatum.
1706 3948 2147 4014 Signatur:. LH 4. 6. 12ac. 131-5
181 3950 572 4039 roco noorcmcume morionn
1651 3603 2036 3690 +ex dato puncto
2154 3752 2206 3826 D
