4949 4456
133 81 1166 207 definitionibus ad amussim exasciatis, et
59 151 1213 277 calculum aptatis, opus est ut quaelibet duorm
42 230 1166 339 rminorum tt combinatio tenticum non
32 292 1171 398 reliquum aliquem non contineat, exempli
27 344 1195 475 ausa definitio haec:  homo eest substantia
37 408 1200 542 intiens rationalis non est ad esse calculum
42 475 1178 608 ptata, nam in sub sentiente jam latet
47 527 1227 670 substantia, et jam tum patet sentiens rationale
51 653 467 732 esse substantiam.
39 673 1195 814 e si termini b. c. d essent iterum resolubiles
39 757 861 859 nulto plures orirentur definitiones.
39 777 1257 945 Omnis proprietas recipioca potest esse definitio
66 871 1265 1022 defimitio eo perfectior est quo minus resolubiles
49 962 987 1074 sunt termini qui in eam ingrediuntur
54 1000 1293 1156 Definitio satis perfecta est, si ea semel explicata
39 1074 1242 1217 dubitari non an potest an res sit possibilis
54 1146 1242 1289 definitum sit possibile. Itaque definitio ista quadra
51 1220 1282 1354 tum est equilaterum rectangulum non est perfecta,
51 1277 1200 1428 quia dubilari potest an detur quadratum est
66 1334 1299 1490 planum aequilaterum rectangulum non est perfecta,
54 1418 1198 1544 ad huc enim dubitari potest an detur figula
59 1470 980 1591 plana  sujus omnes anguli sunt recti,
1047 1470 1198 1569 sed si
74 1524 1208 1661 definias quadrilaterum aequiangulum figurum
76 1581 1185 1718 factum ductas rectae in rectum aequalem cui ad
69 1633 1168 1792 angulos rectos insistit, dubitari nona potest
1054 1675 1242 1755 im
69 1722 1146 1839 an sit possibilis hujusmodi figura. sunt
69 1767 1183 1911 antu interdum causae cur aliae definitiones aliis
66 1831 1213 1968 praeferantur pro ratiocinandi commoditate, et
71 1886 1203 2027 certe nihil refert quanum ularis definitione
64 1950 1185 2099 modo proprietate utaris pro definitione,
1049 2025 1227 2131 dem due
54 2027 1054 2180 modo ex una proprietate alias common
51 2141 376 2240 demonstres
56 2200 1153 2319 Si una ex definitionibus eligatur caeterae ex
54 2277 992 2398 ea demonstrabuntur ut proprietates.
76 2344 1131 2455 Unaquaeque proprietas reciproca totam
49 2411 1141 2534 subjecti naturam exhaurit, seu ex unaquaque
61 2480 1141 2599 proscrietate reciproca duci possunt omnia
108 2562 1114 2668 Sit enim subjectum a. et
79 2641 606 2730 proprietas reciproca
653 2621 1294 2733 ld. Patet per ipsius
86 2688 1141 2789 resolutionem inde caetera posse duci, adeeque nempe
94 2747 1143 2854 aequ. bcd. a aequ. mc, et a aequ. nb.
91 2809 819 2938 bi patet etiam nonnunquam
108 2871 1230 3010 Si proprietas una ex alia facilius demonstrari
99 2955 1205 3069 otest, verbi gratia sit a aequ. bc de fg
101 3020 1198 3131 it bcd aequ. l. ef aequ. g. sit bc aequ. l.
91 3109 750 3193 de aequ. m. gf aequ. n.
868 3099 1215 3195 et lm aequ. s.
101 3158 1183 3255 ut ea eaqua s. sitque bcd bdg aequ. f.
133 3223 1141 3314 cef aequ. v. fieti patet ex proprietate.
89 3282 1133 3386 efinito bcd sintqus tres definitiones ipsius
108 3346 344 3428 nempe
356 3339 609 3438 bcdefg.
643 3361 1123 3431 sn. vt. patet
86 3401 1123 3488 Ex bcdefg. facile demonstrari sn vel vt.
76 3453 1138 3554 Ed sn et vt ex se invicem difficilius et non nisi
76 3505 985 3619 nost multas resolutiones demonstrari.
2551 49 3713 175 Requisitum est quod ingeditur de fuationem ut
2517 133 3706 257 Requisitum est quod definitionem ingredi potest
2535 230 3307 329 ut  in praecedenti g. n. s.
3473 215 3651 329 est itaque
2545 277 3711 405 requisitum ad definitionem ut pars
2535 336 3671 480 ad totum; et seu ut  numerus factoriad
2547 433 2819 522 productum.
2552 460 3716 608 Causa est Ratio est probatio a priori, seu
2520 542 3701 678 probatio facta per analysin in simpliciora, vig.
2542 608 3651 740 a est sn, quia a est lmn, et sest lm.
2517 700 3733 834 Causa est eet Res cujus existentia
2502 772 3721 893 vel modus existendi est ratio existentiae alterius
2505 856 3008 990 Quae dicitur effectus
3050 839 3891 980 vrg. fur est causa pas pampertatis
2520 903 3750 1049 simplici Natura prius est ue rqest ecent,
2520 975 3750 1118 quod aliqua tantum ex requisitis alterius habet,
2520 1044 3768 1183 seu quod paucioribus indiget. ejus cui furatur, nam
2535 1109 3723 1247 ex quodam praedicato faris, vig. quod miles est
2537 1168 3755 1316 Causa paupertatis rustici nam ex quodam praedicate
2510 1242 3775 1386 militis, quod est licentia sequitur, rustici paupertas
2520 1299 3718 1448 seu sequitur haec propo seu ex hac propositione
2532 1364 3706 1502 miles est licentiosus sequitur haec propositio:
2522 1418 3681 1564 rustrcus est pauper. Ergo in abstractis,
2552 1487 3664 1641 si  p. a est b quia c est d.
2545 1559 3661 1703 erit c causa ab effectus. vel erit:
2530 1656 3159 1767 cd causa ab effectus.
3253 1616 3730 1730 videtur tanem plerumque
2532 1680 3730 1839 ( desiderari ut sed quid si a est b quia c est d
2535 1752 3733 1898 et qi e est f. quodnam erit e causa quodaum
2532 1807 3693 1970 effectus;? inspiciemus in quonam sit actio seu
2527 1859 3795 2034 pincipium mutationis. Certe ununiscujuscunque
2507 1943 3701 2079 propositionis ratio reddi potest tum per unam
2530 1987 3711 2131 tum per multas sed homines quaerunt aliquaru
2517 2034 3743 2183 stationem seu principium motus, cum causam quaerum
2532 2109 3703 2245 Ut causa homicidii est qui ferit letaliter non qui
2512 2156 3718 2309 irritat, non qui nam ex hit omnibus non sequitur
2512 2198 3787 2366 homicidium,; sed ex quia homo irritatus non se habet
2522 2270 3703 2430 mere passive dum irritationem suscipit. At qui
2554 2319 3733 2492 serit est causa homicidii non gladius, nam in ipso
2552 2383 3777 2562 est principium motus, ex quo sequitur homicidium.
2542 2450 3681 2621 saepe tamen varie causam sumimus, pro variis
2515 2522 3671 2688 gradibus quibus aliquis ad effectum concurrit
2527 2609 3718 2750 Agere Agit Agens est ex cujus statu ialiquo
2540 2703 3149 2827 sequitur mutatio aliqua
3265 2683 3656 2792 Patiens est ex
2517 2737 3760 2886 cujus stat st non sequitur md cujus mutatio sequitur
2535 2836 3035 2936 ex tatu alterius.
3136 2804 3525 2901 in abstractis
2520 2844 3666 3012 si  a fit b quia C est d. erit
2535 2958 3203 3062 C agens, et a. patiens.
2520 3005 3664 3141 Ens est id quod intelligi potest de a. b. c.
2512 3109 2792 3203 quibuscunque.
2517 3119 3678 3272 si a est b. et b est a. erit a et b idem.
2515 3195 3626 3349 secus a et b erunt diversa, si scilicet vel
2527 3277 3631 3403 a non est b vel b non est a. vel neque
2527 3280 4835 3473 a est b. neque b est a. quae ultima dicuntur disparata. diversa scilicet quae non se habent ut species et ge
2522 3379 4367 3542 Si a est M, et nihil praeterea ponitur,  esse m tunc
2515 3497 2881 3609 est unum.
2918 3470 3664 3594 si a est Mi et et b est
2510 3544 3646 3676 m et c est m etc. plura sunt m.
2522 3624 3396 3730 modo a. b. etc. sint diversa.
3500 3606 3644 3681 Hinc
2527 3663 3673 3790 seu si a est m, et M est a, erit aluhu
2522 3730 3607 3866 unum a et unum M Scilicet duo, tria
2562 3817 2599 3884 a
2577 3834 2949 3949 quatuor, etc
363 4223 1218 4292 GOFTFRED MMLHIEIM LEIBNIIZ BIBLIOTHIEX
4307 4228 4763 4300 Sisnatur: Lti a. 7B. 2. (1141.57
346 4302 1220 4366 NIEDERSACHSISCHELANDESBIBLIOTHIEN
4592 182 4697 319 58
3750 3139 4835 3238 Si a est b nec tamen B est a otit a species
3815 3193 4109 3302 et b genus.
