4888 4274
2966 90 4833 206 Fulmen ignis excitatus e nubibus. quod, simul rupit nubem, exarsitque et ignem habuit, non postes
2971 156 4833 280 concepit. ex Plinio. sinubium conflictu andor exprecsus se ermiscuit. J. L. ex lic. est exhalatio sulphurea
2978 227 4842 332 nitrosa, intra nubem sive per antiperistasin sive per agitationem vehementem accensa, magno cu
2976 289 4845 387 impetu erumpens. L. P. vel est exhalatio calida sicca, viocosa, que nubi inclusa ibique inflammata
2985 358 4835 465 impetuose decidit. vel est telum ipsum, quod jacitur M. ictus coelestis jaculi M ex Festo. incensio
2976 422 4833 546 vaporum sulphureorum in aërem solis ope sublatorum cum murmure quodam, cui juncta emissio
2978 489 4070 603 jaculi res sibi obstantes percutientis aut accendentis.
2957 591 4852 712 Funda instrumentum è funiculo factum, quo fundientiur, hoc est jactantur lapides. vel sacculus
2985 664 4857 776 seu marsupium in modum retis factum, in quo pecuniae aut alia geruntur. vel circulus ex auro
2987 721 4849 842 sive alio metallo, quo gemma ita nectuntur, ut aurum non nisi margines amplectatur J. L. ger
2980 783 4845 902 retis piscatorii, quod in fundum mittitur. M vel instrumentum, ex quo lapis aliquamdiu in
2976 847 4384 959 motus in magnam altitudinem vel longe distans spatium projici potest.
2968 966 4864 1115 Fundamentum est () quod est primum b) quod sustentat (3) quod connectit. L. P. inferior pars aedificm
2983 1049 3557 1118 cui tota moles innititur.
2978 1111 4857 1270 Fundere sensim in omnes partes spargere. Efundere uno impetu sine modo projicere P. abun
2980 1191 4859 1317 danter praebere, H. in fundum mittere; supina manu libare; liquorem prosternere, jacere
2987 1244 4655 1377 vas invertere, ut liquor eo contentus effluat. cum impetu liquorem ex vase projicere.
2983 1324 4849 1481 Fundum ima pars uniuscujusque rei, quae aliquid in se liquoris continet vel ad continendum f
2987 1400 4857 1526 cta est. ut dolii, navis. J. L. imum rei aliquid continentis M. Fundum cum tenni murmure fund
2983 1474 3911 1567 aquas. Fundum maris imum. ima pars aquae H.
2980 1543 4847 1681 Fungi finem agere H. officium munusque agere. perficere id, ad quod tanquam finem et sco
2987 1621 4662 1740 pum es destinatus M. actiones perficere, quae in aliquo munere obeunde sunt.
2980 1714 4838 1856 Funus pompa exequiarum J. L. ex Donato. Cadaver jam ardens, quod, dum portatur, ex equias
2983 1787 4857 1923 dicimus P. corpus hominis mortui M. cadaver ad sepulturam praeparatum, vel ipsa solennita
2985 1847 3234 1949 sepulturae.
2985 1947 4847 2075 Furca instrumentum, quo stramenta feruntur. vel id, quo quid sustentatur in modum furcae fac
2987 2018 4852 2153 T. L. duplex lignum, quod plaustris subjiciunt M. ex Plutarcho. patibulum quasi ferens caput
2995 2082 4854 2220 instrumentum, cum quo movetur frumentum in area; vel instrumentum movendi, ferendi e
2999 2144 4833 2284 pellendi. M. instrumentum ab anteriore parte duas cuspides habens, ad res iis apprehensas
2997 2212 3261 2303 attollendas.
2992 2307 4854 2459 Furfur (a furando) cui minutior farina subrepta est. H purgamentum et fax farinae J. L. per
2995 2376 4591 2505 cula, quae a frumento inter molendum abscedit. externum illud, in quo verum
2995 2455 4581 2573 farina saccum permeante sive per saccum transmissa per eum transit.
4626 2445 4854 2550 ur M. vel, q0
2992 2550 4845 2697 Furos (a feros) quo quis huc atque illuc temere fertur. mentis ad omnia coecitas. ex lic. Mens vi
3004 2628 4800 2744 dam divina concitata J. L. ex lic. est incipiens ira, et fervens in animo indignatio M.
3002 2690 4854 2823 eronymo. vel sunt actiones turbulentae hominis, qui ratione sua uti nequit. vel est alienatio me
2999 2756 3717 2861 tis actiones turbulentas proferens.
2999 2863 4555 2975 Fustis lignum teres J. L Lignum teres, quo ad verberandum utimur. quasi fis
2997 2939 4581 3039 fixus in terram stat M. baculus crassior ad fercendum et plectendum aptus.
4764 2911 4838 3029 odu
3002 3036 4821 3172 Fusus instrumentum, quo nentes excipiunt fila, et ea circumvol vunt. per quem fundatur
3002 3112 4246 3212 quod netum est. M ex Isidoro. pars rhonibi fila ducta recipiens.
3002 3210 4845 3340 Galerus pileus rotundus, in modum galeae factus J. L ex Iarrone. pilens viatorius solem dete
3004 3279 4852 3414 dens. pileus ex pelle, vel pileus pastoralis ex junco M. ex Esidoro. vel operimentum capitis amplu
3016 3333 3641 3457 spatium circa illud describens.
3006 3428 3883 3549 Garrire ineptè et faciliter loqui tangampuris
3914 3435 4847 3571 qui; longos et inconssideratos sermones effutir
3011 3514 4434 3628 M. sermones non necessarios miscere, vel copisse inter se effundere.
3006 3616 4830 3739 Gangraena caro emortica ex ulcere vel inflam matione atque rubore. J. L vel partis alicujus ob
3016 3678 4821 3787 inflammationis, qua conflictatur, magnitudinem mortificatio, non ea quidem plane confirmat
3011 3735 4847 3853 et completa, sed quae etiamnum fiat. Cum enim pars omnino emortua est, 61 aex cos hoc est sidera
3009 3791 3952 3902 tio nominatur, quae est gangraenae terminus M.
353 4046 1211 4112 SOTTFRIED UILHIEIM LEIBNIZ BIBLIOTHIEK
4234 4060 4686 4114 Sionatur: LFI 4, 7D. 2. 12061.200
339 4119 1213 4183 NIEDERSRCNSISCHELANDESBIBLIOTNEK
4643 57 4709 132 30
