4525 4228
110 84 1207 230 cefinet equidem hujus, loci non est laudare
79 145 2206 326 virum cujus tandes prmerito passim decantatae ingenius magnitudine landes prope supergresse
77 244 1278 396 habentur: e certe viam institit per ideas
77 324 1172 467 veram et rectam, qua debebat duci
84 380 1332 537 smenduci et huc ducentem. Sed cum ad plansum
82 446 1296 624 sua nimirum direxisset, videtur abrupisse filum
101 526 1219 681 inquisitionis, et contentus meditationes qu
91 596 1148 749 metaphysicas dedisse, quibus thominum
119 662 1224 824 oculos in se converteret de reliquo Medicinae
98 725 1120 913 Naturam corporum et Medicinae causa
105 784 1238 974 excolere cons constituit; recte profecto, si
115 845 1238 1033 antea pl pensum ideas animi ordinandi
79 897 1268 1118 ab solvisset, quibus et ars facien hac enim inde
73 958 1884 1179 enim lux poterat oritura erat ipsis experimentis, major quam credi posit
108 1057 1318 1233 nalto major quam ab nieroscopii aut albi ullius
96 1127 1313 1294 alterius organi inventione.  Cur ergo
84 1179 1318 1371 rem tantam huc animum non applicuerit causa nulla
48 1251 1285 1425 alia esse potest quam quod rei rationem et
65 1322 1238 1503 vim non satis fuisset animo assecutus. Nim
65 1371 1503 1585 si vidisset modum constituendi philisophiam ratignalem
75 1465 1303 1658 aeque clare et irrefragabiliter ac alithmeticam
75 1526 1289 1724 an credibile est alia potius quam hac via via ad
59 1597 1343 1816 sectam constiluendam (quod tartopere ambiebat)
79 1684 1226 1867 nsurum fuisse. Nam secta quidem hmodi hoc
89 1740 1332 1937 philosophandi genere usura, non minus aeterna erit
91 1808 1603 1982 non per ipsam rerum naturam, statim ubi nascetur
103 1879 1715 2041 si nita rat imperium in rationem exercebit, geometrico ritu.
136 1944 1406 2099 et non ante aut peribit aut labefactabitur, quam
91 2085 1173 2254 quoodam tarbarieu scientiae interibunt.
220 2175 1252 2330 itaque Eg Cum atique vnderetur inventa
79 2238 1460 2405 hac sive sive Tabbala, sive characteristica, sive lingua
312 2290 1736 2459 He vero nulla alia causa  in his Meditationibus detinuit
263 2386 293 2489 s
98 2405 157 2492 C
2137 2480 2182 2534 et
105 2374 1289 2555 crebio distitiut, etsi tot aliis studiis et negotis
1374 2465 1978 2536 enim est illud g tu cum d
2113 2506 2201 2599 quam
96 2418 1524 2609 modis distractum, quam quod magnitudinem ejus totam vidib
1010 2501 1280 2607 tem
559 2532 932 2628 rationem mo
928 2543 956 2611 e
1064 2548 1280 2604 nus tanderm
1390 2553 1637 2657 puntum
103 2555 519 2665 et quod assequendi
150 2642 246 2698 ii
1745 2616 1863 2694 calis est
63 2581 1240 2750 tam ut perfecte cont harasteristica quam
61 2621 1503 2813 molior quantum satis est ad caetera nullo negotio perficiendous
38 2633 2044 2882 adgrammaticaem linguae tam minabilis dictionaciumque  etri   iorus sufecturum, constituatur
56 2729 1550 2924 vel quod idem est ut Numeri recum hracteristic idearum
77 2785 1696 2983 idearim omnium quae in monte nostiae sunt characteristici habea utiliorum
84 2856 1421 3048 haracteristici habeantur: nihil inquam aliud opus est
84 2877 1952 3114 quam ut condatur cursus philoso phicus et Matica Mathematicus (quem vocant)
89 2959 1433 3161 nova quadam methodo quam praescritere possum et quae
72 2994 1635 3225 nihil inse continet aut difficilius quam aliie at magis ab usu et
91 3079 1491 3272 captu remotius aut a consuetudine scribendi alienius.
82 3138 1437 3342 Nec plus multo plus laboris exigeret, quam in nonnullos
96 3163 1874 3375 cursus aut nonnullas Encyclopaedias ut loquantur, jam impensum videmu
86 3264 1374 3441 Aliquot selectos homines rem intra quinquennium absolvere
436 3296 1830 3483 intra qui quennium autem spiennium autem scientis doctrinas
122 3398 382 3506 posse puto
103 3337 1708 3549 ii magis in vita frequentata, implioris Doctonum Moralem et
105 3424 1381 3619 Metaphsicam omnem irrefragabili calculo exhibebunt.
227 3459 1560 3661 Numeris autem plerarumque Notionum characteristicis semel
93 3528 1505 3720 constitutis habebit Genus Humanum  Organi genus orrum plus malto
136 3582 1557 3767 Mentis potentiam ncturum quam vitra optica rcidenti  jnverunt
105 3619 2126 3833 ntoqe prestat Micio copis aut Telescopiis quanto me ratio vi prestatitior est ralio visu
338 3774 509 3868 superiis
1311 562 1893 660 et sprimina geomettica
1585 1808 2239 1890 hactenus fuit. tnque importum
1725 1857 2239 1935 illa objectio cessabit qua hunc
1428 1919 2231 2021 tare solet, etqua ol et quae plurimos a ratio
1244 2163 2227 2254 menta sua provocet ate hui elhunc atque aua
1380 2205 1918 2301 solespatientia deficita
1496 1080 2140 1172 Nec unquam acus magnet ca plus
1449 1122 2156 1233 commodi navigantibus attulit, quam
1454 1181 2201 1284 haec cynosura experimentorum mare
1501 1233 2152 1344 tranantibus feret. Quae
1576 1289 2156 1397 alia inde consequentur in
1588 1355 2187 1453 fatorum arbitrio est qua
1595 1414 2180 1515 qua nisi magna et bona
1590 1470 2163 1557 esse non possunt. Nam
1635 1517 2229 1613 aliis omnibus dotibus homines
1567 1569 2208 1655 deteriores reddi possunt, sola recta
1597 1618 2241 1717 ratio nisi salutaris esse non potest
1597 1660 2213 1773 Recta autem quis tunddemum, quis
1602 1719 2192 1810 dubiter cum aeque clara certage
1625 1761 2239 1853 ubique atquea erit, atque in arithmetica
1752 1897 2222 1970 ulgo alter alterum exaq
1766 1970 2210 2041 mandi voluntate avertit
1261 2048 2210 2142 tatur alter non tam examinat argumentum quam illud
1248 2114 1296 2149 a
1247 2090 2180 2184 renerale reponit: unde ta nosti tuam rationem mea
1919 2116 2236 2189 uprior ad argu
1315 2135 1884 2215 tiorem. Quod habes criterio et
2666 46 3549 145 De lingua characteriotica unir;
2591 129 3145 199 ot arte inveniendi.
2372 204 2387 272 s
2842 166 3312 274 aut sibi pro pro varia
2885 244 3253 312 animi inclinatione
2899 281 3305 375 repraesentare fortius
2903 326 3115 387 aut aliis
2332 375 2563 481 Clapea
2321 465 3420 577 Vetus verbum est DEUM omnia pondere
2321 533 3390 660 mensura, numero fecisse. Sunt aute quae
2321 596 3512 723 ponderari non possunt, scilicet quae vim ac potentiam
2323 655 3456 782 nullam habent; sunt etiam quae carent partibus
2307 709 3684 845 ac proinde mensuram non recipiunt. Sed quae nihit est
2311 771 3895 899 aliquem numerari nequea quod numerum non recipiat patiatur
2335 847 3527 970 itaque numerus generalistimum est instrumentum,
2318 906 3480 1028 res examinandi, et Arithmetica Itaque numerus
2316 955 3399 1108 quasi figura quaedam metaphysica est, et
2323 1003 4109 1153 Arithmetica est quaedam statica Universi, qua rerum potentiae explorantur
2443 1096 3587 1233 lam inde a Pythagora persuasi fueri homines,
2309 1165 3588 1303 maxima in numeris et characteribus mysteria latere.
2304 1242 3532 1376 Et Pythagoram credibile est ut alia multa ita hanc
2337 1305 3553 1444 quoque opinionem ex  Oriente attulisse, in Graeciand
2328 1368 3529 1507 sed cum vera hujus arcani clavis ignoraretur,
2307 1430 3416 1585 lapsi sunt hoios in futilia et superstitiosa
2309 1514 3529 1646 unde nata  est cabbala quaedam vulgaris a vera
2332 1564 3519 1705 longe remota, et ineptiae multi  cujusdam
2318 1637 3468 1778 falsi nominis Magiae, quibus pleni sunt libri
3183 1700 3239 1766 itaq
2304 1709 3530 1846 Interea insita mansit hominibus quaedam inclenati
2304 1780 3371 1916 credendi F numeris, characteribus; et, lingua
2394 1832 3559 1975 dam nona quam jacobus aliqui Adamicam
2335 1880 3929 2050 vocant, in jacobus Bohemus, die Natur.sprace; vocat
3784 1941 3918 2001 stenque
2419 1968 3992 2116 sed nescio an quisquam mortalium veram rationem
2295 2048 3387 2191 viam perspexerit, quam qua cuique rei
2290 2102 3441 2259 numerus suns characteristicus assignari possit
2290 2165 3453 2325 Nam plerique id eruditissi apud viri cum aliquiq
4120 2266 4165 2320 er
2302 2243 3474 2398 hujusmodi obiter attigissem apud ipsos, fassi sunt
2302 2290 4228 2463 se non intelligere quid nicerem. Et quanquam dudum egregii quidam
2302 2370 3498 2534 aliqui excogitaverintLinguam quandam sive
2295 2438 3611 2600 Characteristicam Universalem, qua notiones atque re
2285 2489 3512 2670 omnes pulchre ordinantur, et cujus auxitio
2311 2572 3524 2736 diversae nationes animi sensa et communicare
2309 2630 3427 2809 et quae scripsit alter in sua, quisque
2290 2691 3636 2856 lingua legere, nemo tamen te linguam sive
2297 2747 3643 2917 characteristicen, in qua simul tota ars inveniendi
2297 2830 3580 2980 et judicandi contineretur: id est cujus notae
2302 2898 3502 3053 sive characteres praestarent, idem quod notae
2295 2980 3433 3116 Arithmeticae in numeris, et Algebraicae in
2281 3044 3499 3187 magnitudinibus abstracte sumtis. Et tamen
2293 3098 3566 3262 videtur in Deus his duabus bum has duas
2278 3161 3568 3330 scientias generi humano i largitus est, admonere
2283 3239 3418 3391 nos voluisse, latere in rebus arcanum nn
2304 3275 3507 3445 in nostro intellectu arcanum longe majus cujus
2300 3370 3073 3511 hae tantum umbrae essent.
3982 2261 4213 2301 .n
3591 707 3686 776 q.
3866 763 4445 845 paucis datum est. itaque prout
3483 824 4351 925 Eloquentius et efficatius oruare et pinaere ho
3481 878 4412 970 moven hominum secum rapit, praesertimsi affectibus
3998 1033 4452 1082 uteque utrinque tabuto
3565 1092 4419 1183 et incommoda atque incummoda trub non
3559 1132 4445 1247 tautum numeraria sed et recte pondera
3541 1214 4452 1329 fere mihi duobus Mercatiovibus similes videntur
3518 1263 4445 1390 quornm alter alteri mutuo qui sibi multo
3513 1322 4414 1439 mutuo ex multis capitibus debitores essent
3505 1470 4416 1580 derea varie merita s quisus sua erga
3464 1517 4452 1634 alterum, et, cujusque debite n  qumu
3477 1599 4405 1718 Veritatenus ac magnitudinem exaggerarent
3903 1879 4433 1963 liquida (d est ad numero
3914 1958 4442 2045 non debenus. Sed ehamai
4189 2301 4416 2370 emper possi
3532 2543 4412 2662 aliomnes caritate complectitur ut optet
3614 2649 4414 2762 certe ubi haec intelliget, fatebitur
3634 2705 4398 2815 ad propagandam fidem nl effecaci
3511 2792 4445 2914 miracula et sanctitatem prophota Aposertica
3480 2882 4414 2980 hominis cujusdam Apostolici, aut victorias magni
3480 2992 4421 3116 poterit n magi  roligio vera sta
3568 3084 4438 3187 tanea est, sta bilita erit, et non magis
3561 3112 4447 3248 imposterum metuenda erit Apostasia, quid
3478 3227 4416 3376 quam semel didicere mox damnent. itaqu
3775 37 4179 93 itaque controvarssaevionis
3669 61 4416 147 examinandi.serumque enim multa
3438 122 4480 202 armodum excutienda sunt, et aliquot septimanam
3448 169 4466 265 futurus esset labor, receptas hactenus exacte ratio
3427 237 4402 317 cinandi leres secuturo. praetera plerumque in
3430 288 4463 373 rebus de quibus deliberatur itaque post multam
3374 338 4428 446 vincurgilationem plerumque affectus potius quam ratione
3493 382 4412 481 quitum et contrdversiam ut intu quidimus
3467 436 4290 537 dbrupti potius nodo gordio quam si
4287 436 4320 519 b
4367 453 4402 563 su
3507 488 4337 568 terinamus. Hoc inprimis fit in contro
3545 528 4454 616 ad vilam pertinentibus, ubid aliquid statuendum
3589 606 4447 678 est, sed cmodta pque incommonta acumte
3577 631 4440 721 in velt in bilame. quae saepe
3761 676 4391 758 minque multa sunt) velut in
3958 735 4386 800 bilance examinare
3581 840 3848 892 nm stantiaum
3998 793 4454 883 unam Ville licemmugi
4412 836 4438 883 t
3498 930 4412 1007 eorum astute utatur. Qui vero in unqua
4071 977 4459 1038 deliberatione totam
3601 1047 4459 1143 accepti, et expensi subducete id est commmodi
3613 1167 4456 1280 possit, vix quisquam est. itaque duo disputam
3519 1376 4376 1493 sed nollent unquam ad generalit quandam
3547 1423 4409 1524 silumvis cujusdam bilancis examen venire
3547 1564 4419 1672 orundam singularium e nominum vebitate
4043 1646 4384 1719 terte
3559 1672 3878 1747 ceste Hi site
4181 1684 4351 1754 Hosce
4186 1749 4426 1820 inquam liseu
3693 1778 4384 1881 terminabunt. idque  in pler
3949 1850 4381 1916 ratiovrsus ubi res
3968 1930 4435 1993 revocata non est miram
3527 2010 4447 2102 e chaaoteristica nostra cuncta ad nunderos
3514 2048 4419 2139 revocabit, et ut ponderari etiam rationes
3521 2099 4398 2193 queant, velat velut quoddam staticae
3575 2137 4419 2224 genus dabit Quare Nam ete probabili
3868 2198 4414 2272 ates calcculo af demon
3979 2236 4379 2290 Atationi subjiciunta
4238 2273 4416 2332 cum aastim
3715 2348 4393 2438 quodnam ex datis circumstantiis
3678 2391 4440 2485 probabilius sit faturum. Itenique qui
3598 2438 4365 2553 certo persuasus est de religionis
3608 2487 4438 2597 veritate, et quod hinc sequitur tanta
3532 2614 4355 2711 generis humani conversionem. is
3667 2748 4431 2856 atel michocula et victorius t nihil
3547 2844 4445 2940 velat propheta, antemvictorias magui Monaria
3479 2914 4435 3025 Monarchae nihil efficaciu, hoc invento esse. am
3460 2961 4374 3054 ubi semel a Missionariis haec liagua intriduem
3606 3044 4435 3133 bililverit quae maxime rationi consen
3571 3168 4431 3290 rehomines Arithmeticam aut Geometricam
3531 3286 4353 3391 epeto quod saepe dixi, hominem qui
3441 3316 4454 3441 neque propreta sit neque princeps majus aliqui
3096 3370 4440 3495 generis hmani bono mmo Divinae gloria accommodatiur suscipere
2459 3487 2668 3549 inceo
3258 3419 4240 3523 Sed ultra verba cundum est, cum vero ob admirabib
2416 3464 4452 3586 connexitur paucurum rerum ab aliis divulsarum Numeros chara teristicos dare difficillimum sit: ideo elegans ut in fallo
2315 3506 4454 3631 artificium excogitavi, qua ostendi possit, quod ratiocinationes per numeros comprobare liceat. Fingo itaque Numero
2318 3532 4466 3687 CEriacteristicos illos tantopere mirabiles jam dari observataque i illorum genrali proprietot o ostent quamo
2286 3577 4440 3727 indea ftatim in Numeris tales numeros qualescunque interim actumo, isque adhibitis statum mirabili ratione omne
2314 3617 4412 3765 rdgulas Logicas per numeros demonstio, et ostendo quomodo cognosci possit an argumentationes quaedam
2288 3645 4428 3807 sint in forma bonae. An vero argumenta vi matere bora sint aut concludant tum demum sine ullo labore anm
2363 3715 4146 3850 serrandi periculo, dudicari poterit, am ipsi veri Nyneri cheracteristici aerum habebuntur
3258 3765 3831 3856 ei poprietati congruente
4135 1714 4379 1799 sic quidem
326 4011 1113 4082 COTTFRED NILHIEIM LFIBNIIZ BIBLIOTHEN
3956 4028 4327 4082 Signatur: LH 4. S. 6. 11I. 17
319 4084 1113 4148 NIEDERSACHSISCHE LANDESBIBLIOTHIER
3948 1693 4141 1759 iveniri
3669 1724 4146 1815 Fmirifica er posse
3960 3780 4119 3852 Iesiret
3610 2204 3932 2279 tattigissem,
