2995 4515
1058 82 236 93 naturale

391 145 2518 130 mne fulum haboflexie Elacticum est. Experimento id probatur sumatur filum quoe

366 250 2491 121 cunque ex eo pendat pondus, quod circumagatur, hoc facto filum rpellet pondus it aperies

376 328 2516 128 sese et multis spiris aget in contrariam partem, ubi rursus comprimet ultra modum

388 431 575 125 et rursus repelletur

421 499 2461 163 Magnum est disprimen inter Naturalia t artificialia, flexilia, cohaerentia liquida per

2478 584 130 65 eruim

235 619 597 163 Spicua figurata

995 609 1927 128 Censpima naturalia  pt per qualia sunt, per monima sunt

295 702 1754 130 artificialia per partes relictis intervallis detengeneis.

2244 692 690 120 Omnia perspicuae naturara

295 762 2619 176 refringunt, artificialia non refringunt. Flexitia naturalia Elastica sunt. Liquida

2204 845 715 105 Omnia cohaerentia na

313 867 1814 151 naturalia (artificiale est pulvis) habent aliquam codaesionem.

316 950 1309 161 turalia tendibilia sunt. spherica

313 1000 2528 216 Guttae in quas liquida formantur indicium sunt cohaesionis reliquae in ipsis.

321 1103 2586 191 Galilaeus in dial. mech. prim. in fallor refert ad aquam circumstantem aerem

318 1186 2586 201 nespio quam aquaet aeris inimicitiam comminiscens. Sed observatum est

318 1334 502 163 illas Guttulas

840 1289 1339 165 rotundas mapere etiam aere exhauso

1043 1402 637 90 liquorren licumus in Tabula

744 1387 2148 190 Cur guttae, in planis superficie horizonti paraltela, non humida, sed

787 1482 2082 198 sicca, aut humere aliquo sed humoris stillantis diffusioni obsistente

797 1625 708 128 imbuta rotundentur.

1748 1570 1093 148 Manifestum est omnes aquae guttas

734 1640 2170 203 dum cadunt pondere proprio reddi nonnihil oblongas ut ab insi ta–

750 1720 2169 176 men b. non plana, instar cylnidri, sed curva Instar ovalis aut Elli–

744 1816 2168 163 psis quae vero speciatim figura sit, id nihil pertinet ad rem nostram.

727 1886 2157 190 attiugit ergo planum c. puncto b. Ct eodem tempore pondus superioris,

298 1969 2631 183 incumbens inferiori conatur  massam ab. proendere in planum quantum potest ma–

306 2044 2556 213 latum sed tenue. A huic diffusioni obsistit ipse fundus c. abiquantulum

293 2144 2641 201 tamen obtundi, complanarique ipsum necesse est, velut ovo  columbis marmori laevigato

331 2227 2536 186 illiso At reliquum super incumbens cum ultra progredi non possit recta, ibit in

336 2397 135 98 latus

614 2305 2300 173 Imo jam ab initio statim, quantum enim inum procuditur, tantum sum–

351 2448 619 128 mum diffunditur.

1096 2375 1818 186 Quodsi tam exigua ponatur pressio,  aut tanta

2608 2443 244 85 n puncto b.

346 2480 2511 188 fundi resistentia ut diffusio lobuum per c. haberi possit pro nulla, i

343 2608 1264 138 rationis est guttam formari in abes.

1715 2555 1197 133 Contractus est ut dixi, in puncto Ergo

346 2746 258 123 sigura

1329 2628 1588 213 primum enim fundus aquam se diffuturam cohibet interea

2621 2703 185 61 escende

1339 2716 1553 186 omnia incumbentia super urgent, sed obstat in functum

1334 2801 1590 171 conantibus ipsa partium connexio: Quae si aqualis

1326 2867 1490 193 gravitati, fet milio nulla, sed corpus retinebit

1346 2939 1548 203 figuram quam habebat, quodsi major Si Nota etsi

1324 3027 1555 176 gravitas in specie major connexione. Considerandum

1354 3110 1545 180 tamen an non mutata figura, plus lutrat gravi–

1394 3180 1505 168 tas, quam perdit connexio, id est an plures descen–

1442 3258 1462 193 dant gam separentur; figura gliahrix ubbi plu

1372 3336 1550 188 rinum descendit, minima separade, aut aequilibratus

1254 3418 1608 176 tandem malitudo partium gradius conatuum. Ea demum

403 3511 2504 183 Figuro optima est. Et hanc onsideravemo nulli in mentem venisse, quemins.

423 3589 2401 198 Sed haecin calculum aesisendenda, sunt per Ggeometium idivisibilum, sone qua

1801 3662 1116 138 cc huc novum genus omsensatio

393 3707 1169 178 nihilsolidi rratiocinari possumus de motut

411 3737 2493 213 iis scilicet multistudinis partium per eradum conalysle smplicem seu abso–

213 3928 80 125 ss

391 3865 1505 165 cutum, ut alias magnitudinis ad celenitatem.

185 3918 2702 208 Klitere diio um Charimm verind eu macsaro, Mum miste in ogfast ubum ensouaer, s tadus

203 4035 2608 173 darim saete lus non austu g b dic armo darim porttaribho abro died

193 4123 2628 171 socvus arefasim deo ceariuonguru su ostoste eied und b uss augesit, sb cese

203 4221 2450 161 man  min fusus rolecanste,  sus 2oreffacut, cast ad duris decensst odrae fell gemat
