<?xml version="1.0" encoding="UTF-8"?>
<alto xmlns:xsi="http://www.w3.org/2001/XMLSchema-instance"
      xmlns="http://www.loc.gov/standards/alto/ns-v4#"
      xsi:schemaLocation="http://www.loc.gov/standards/alto/ns-v4# http://www.loc.gov/standards/alto/v4/alto-4-2.xsd">
  <Description>
    <MeasurementUnit>pixel</MeasurementUnit>
    <sourceImageInformation>
      <fileName>0005_page_12753941_docId_323636.jpg</fileName>
      
    </sourceImageInformation>
  </Description>
  
  <Tags>
    <OtherTag ID="BT16575" LABEL="MarginTextZone" DESCRIPTION="block type MarginTextZone"/><OtherTag ID="BT16576" LABEL="DamageZone" DESCRIPTION="block type DamageZone"/><OtherTag ID="BT16577" LABEL="DigitizationArtefactZone" DESCRIPTION="block type DigitizationArtefactZone"/><OtherTag ID="BT16578" LABEL="DropCapitalZone" DESCRIPTION="block type DropCapitalZone"/><OtherTag ID="BT16579" LABEL="GraphicZone" DESCRIPTION="block type GraphicZone"/><OtherTag ID="BT16581" LABEL="NumberingZone" DESCRIPTION="block type NumberingZone"/><OtherTag ID="BT16582" LABEL="QuireMarksZone" DESCRIPTION="block type QuireMarksZone"/><OtherTag ID="BT16583" LABEL="RunningTitleZone" DESCRIPTION="block type RunningTitleZone"/><OtherTag ID="BT16584" LABEL="SealZone" DESCRIPTION="block type SealZone"/><OtherTag ID="BT16585" LABEL="StampZone" DESCRIPTION="block type StampZone"/><OtherTag ID="BT27322" LABEL="text" DESCRIPTION="block type text"/><OtherTag ID="BT27323" LABEL="GraphicZone-formula-inline" DESCRIPTION="block type GraphicZone-formula-inline"/><OtherTag ID="BT27324" LABEL="GraphicZone-formula-complex" DESCRIPTION="block type GraphicZone-formula-complex"/><OtherTag ID="BT27325" LABEL="MainZone" DESCRIPTION="block type MainZone"/><OtherTag ID="BT27326" LABEL="GraphicZone-figure" DESCRIPTION="block type GraphicZone-figure"/><OtherTag ID="BT27327" LABEL="GraphicZone-formula-strikethrough" DESCRIPTION="block type GraphicZone-formula-strikethrough"/>
    <OtherTag ID="LT6926" LABEL="DefaultLine" DESCRIPTION="line type DefaultLine"/><OtherTag ID="LT6927" LABEL="HeadingLine" DESCRIPTION="line type HeadingLine"/><OtherTag ID="LT6928" LABEL="InterlinearLine" DESCRIPTION="line type InterlinearLine"/><OtherTag ID="LT11324" LABEL="default" DESCRIPTION="line type default"/>
  </Tags>
  
  <Layout>
    <Page WIDTH="5192"
          HEIGHT="4300"
          PHYSICAL_IMG_NR="4"
          ID="eSc_dummypage_">
      <PrintSpace HPOS="0"
                  VPOS="0"
                  WIDTH="5192"
                  HEIGHT="4300">
        
        <TextBlock HPOS="360"
                   VPOS="238"
                   WIDTH="2255"
                   HEIGHT="3702"
                   ID="r1"
                   TAGREFS="BT27325">
          <Shape><Polygon POINTS="477 1162 467 2832 490 3080 369 3100 360 3221 409 3297 512 3297 514 3368 545 3466 563 3646 543 3843 554 3905 574 3934 2569 3940 2615 3769 2558 3448 2615 3371 2597 2639 2601 1316 2593 288 1943 263 1342 246 876 238 546 250"/></Shape>
          
          
          <TextLine ID="eSc_line_90d9a9ce"
                    TAGREFS="LT11324"
                    BASELINE="563 308 1426 293 2112 301 2532 324" 
                    HPOS="563"
                    VPOS="240"
                    WIDTH="1969"
                    HEIGHT="115">
            <Shape><Polygon POINTS="1180 253 1136 242 1120 242 1084 262 1049 241 977 240 895 255 867 246 848 250 824 253 809 253 798 262 769 258 752 260 728 262 704 267 680 269 657 272 633 274 609 277 585 279 575 279 563 308 563 353 702 353 702 351 704 351 707 351 747 322 807 351 809 351 812 351 888 344 891 344 893 344 922 324 1044 351 1046 351 1048 351 1051 351 1087 322 1240 322 1340 344 1342 344 1455 332 1507 351 1510 351 1512 351 1514 351 1517 351 1555 327 1593 346 1596 346 1598 346 1600 346 1677 324 1720 353 1722 353 1725 353 1727 355 1768 355 1768 353 1770 353 1837 324 2121 334 2124 334 2186 324 2286 353 2288 353 2291 355 2530 355 2532 324 2531 286 1943 263 1342 246 1233 244"/></Shape>
	    <String CONTENT="consluvi poster fignrem cordis illudus sursum sinstra per portum et cavam ascendente"
                    HPOS="563"
                    VPOS="240"
                    WIDTH="1969"
                    HEIGHT="115"
                    WC="0.9555406925224122"></String>
          </TextLine>

          
          
          <TextLine ID="eSc_line_e186663a"
                    TAGREFS="LT11324"
                    BASELINE="716 365 1010 353 1691 358" 
                    HPOS="714"
                    VPOS="308"
                    WIDTH="977"
                    HEIGHT="88">
            <Shape><Polygon POINTS="716 396 838 394 841 394 876 377 931 387 934 387 936 387 939 387 953 375 979 394 982 394 984 394 986 394 989 394 1034 375 1139 375 1158 391 1158 394 1161 394 1163 394 1165 396 1323 396 1323 394 1326 394 1333 391 1366 375 1471 389 1476 389 1478 389 1483 389 1565 375 1596 389 1603 391 1605 391 1608 391 1610 391 1619 389 1651 375 1684 387 1691 358 1684 308 1636 324 1593 324 1579 310 1579 308 1576 308 1574 308 1572 308 1569 308 1565 310 1529 322 1455 312 1438 310 1435 310 1433 310 1431 310 1431 312 1419 324 1330 324 1321 315 1314 308 1311 308 1309 308 1306 308 1304 308 1278 315 1259 320 1247 315 1225 308 1223 308 1039 308 1036 308 1034 308 1032 308 1020 320 1017 322 1010 320 982 310 979 310 977 310 974 310 972 310 958 322 955 322 950 322 917 312 915 312 912 312 714 324 716 365"/></Shape>
	    <String CONTENT="tens et per cuvam infra tanquam ex hepate"
                    HPOS="714"
                    VPOS="308"
                    WIDTH="977"
                    HEIGHT="88"
                    WC="0.9637935699486151"></String>
          </TextLine>

          
          
          <TextLine ID="eSc_line_796236c9"
                    TAGREFS="LT11324"
                    BASELINE="1729 365 2513 377" 
                    HPOS="1727"
                    VPOS="315"
                    WIDTH="786"
                    HEIGHT="95">
            <Shape><Polygon POINTS="1727 398 1875 387 1925 398 1928 398 1930 398 2093 391 2112 406 2114 408 2116 408 2119 408 2121 408 2260 408 2267 406 2269 406 2272 406 2272 403 2284 394 2339 408 2355 410 2358 410 2511 408 2513 377 2508 339 2382 344 2370 336 2360 327 2358 327 2355 327 2353 327 2351 327 2348 327 2336 336 2327 344 2265 344 2248 334 2200 317 2198 317 2042 315 2040 315 2038 315 1997 329 1966 315 1964 315 1961 315 1959 315 1956 315 1932 332 1925 336 1729 332 1729 365"/></Shape>
	    <String CONTENT="panculum dextra trahens veru"
                    HPOS="1727"
                    VPOS="315"
                    WIDTH="786"
                    HEIGHT="95"
                    WC="0.9595271519252232"></String>
          </TextLine>

          
          
          <TextLine ID="eSc_line_3790d558"
                    TAGREFS="LT11324"
                    BASELINE="680 425 1130 406 1701 406 2363 422" 
                    HPOS="680"
                    VPOS="363"
                    WIDTH="1683"
                    HEIGHT="93">
            <Shape><Polygon POINTS="2303 375 2284 375 2272 379 2102 372 2088 372 2064 372 2040 370 2016 370 1992 370 1968 370 1947 370 1791 379 1789 379 1629 365 1627 365 1624 365 1579 379 1498 365 1495 365 1493 365 1445 379 1390 363 1388 363 1385 363 1318 377 1304 365 1302 365 1299 365 1297 365 1168 377 1027 363 1025 363 1022 363 989 377 910 363 907 363 905 363 903 363 886 379 743 379 716 363 714 363 712 363 709 363 707 363 680 375 680 425 680 453 941 437 982 451 991 453 993 453 996 453 998 453 1005 451 1027 441 1068 449 1094 453 1096 453 1099 453 1101 453 1101 451 1106 449 1122 432 1165 449 1168 449 1170 449 1173 449 1175 449 1177 449 1201 432 1371 432 1402 444 1431 456 1433 456 1435 456 1529 444 1593 434 1784 434 1791 439 1811 456 1813 456 1815 456 1818 456 1820 456 1866 439 1878 434 1952 437 2322 456 2324 456 2327 456 2329 456 2360 432 2363 422 2363 382 2341 375 2327 375"/></Shape>
	    <String CONTENT="itum sum condemplutus veniebatqus cqua pantutum a dextra et postenore parte"
                    HPOS="680"
                    VPOS="363"
                    WIDTH="1683"
                    HEIGHT="93"
                    WC="0.9274152171611786"></String>
          </TextLine>

          
          
          <TextLine ID="eSc_line_b9bd4ea3"
                    TAGREFS="LT11324"
                    BASELINE="2384 422 2556 434" 
                    HPOS="2384"
                    VPOS="382"
                    WIDTH="172"
                    HEIGHT="81">
            <Shape><Polygon POINTS="2384 451 2417 444 2551 463 2556 434 2554 382 2496 394 2384 384 2384 422"/></Shape>
	    <String CONTENT="vergebat"
                    HPOS="2384"
                    VPOS="382"
                    WIDTH="172"
                    HEIGHT="81"
                    WC="0.9695982113480568"></String>
          </TextLine>

          
          
          <TextLine ID="eSc_line_9f9e09ce"
                    TAGREFS="LT11324"
                    BASELINE="566 489 1263 463 2382 463" 
                    HPOS="566"
                    VPOS="408"
                    WIDTH="1816"
                    HEIGHT="108">
            <Shape><Polygon POINTS="2348 422 2336 430 2245 430 2234 420 2212 420 2188 420 2179 418 2140 430 1980 415 1978 415 1815 432 1782 415 1780 415 1777 415 1775 415 1717 432 1591 418 1588 418 1431 437 1390 420 1388 420 1316 420 1249 420 1247 420 1244 420 1173 432 1111 422 1108 422 1106 422 1103 422 1084 439 1053 425 1051 425 1048 425 1046 425 1008 439 972 425 970 425 845 425 841 425 838 425 836 425 781 446 623 446 566 427 566 489 568 516 621 504 946 511 979 511 982 511 984 511 986 511 1013 496 1101 508 1106 508 1108 508 1111 508 1113 508 1137 494 1165 504 1168 504 1170 504 1261 492 2379 492 2382 463 2374 408 2358 415 2355 422"/></Shape>
	    <String CONTENT="in sinistram antejorem, ascendebatus supra aortam ita ut vicimor esset srectori"
                    HPOS="566"
                    VPOS="408"
                    WIDTH="1816"
                    HEIGHT="108"
                    WC="0.97745918397662"></String>
          </TextLine>

          
          
          <TextLine ID="eSc_line_2936d5a4"
                    TAGREFS="LT11324"
                    BASELINE="556 561 790 542 1254 525 2267 527 2549 494" 
                    HPOS="554"
                    VPOS="461"
                    WIDTH="1995"
                    HEIGHT="119">
            <Shape><Polygon POINTS="556 580 841 573 843 573 845 573 862 561 958 573 993 575 996 575 998 575 1001 575 1005 570 1017 561 1051 570 1056 570 1058 570 1060 570 1063 570 1065 570 1101 554 1235 554 1295 563 1318 568 1321 568 1323 568 1340 563 1376 554 1409 561 1435 568 1438 568 1440 568 1443 568 1445 568 1455 561 1469 551 1524 551 1545 559 1572 568 1574 568 1576 568 1629 556 1665 549 1694 556 1744 566 1746 566 1748 566 1796 554 1823 547 1901 551 2004 556 2007 556 2009 556 2026 547 2033 544 2045 547 2081 559 2083 559 2085 559 2202 547 2422 556 2425 556 2427 556 2465 537 2468 537 2547 537 2549 494 2542 461 2403 463 2401 463 2398 463 2372 480 2355 468 2353 468 2351 468 2348 468 2346 468 2343 468 2327 482 2284 470 2281 470 2279 470 2277 470 2274 470 2250 484 2159 470 2157 470 2155 470 2116 484 2073 470 2064 468 2061 468 2059 468 2040 473 1975 487 1937 475 1918 468 1916 468 1913 468 1911 468 1882 475 1863 480 1803 477 1713 473 1710 473 1670 480 1615 494 1498 494 1455 484 1404 475 1402 475 1271 489 1268 489 1266 489 1211 480 1208 480 1206 480 1204 480 1189 492 1185 494 1173 492 1125 484 1122 484 1075 494 1056 499 1044 496 1008 482 1005 482 1003 482 1001 482 970 496 931 482 929 482 927 482 924 482 888 499 876 506 554 506 556 561"/></Shape>
	    <String CONTENT="vidi ambprum imicilarum rigines dextra enim cavi deorsum incipiens, ei c ascendent"
                    HPOS="554"
                    VPOS="461"
                    WIDTH="1995"
                    HEIGHT="119"
                    WC="0.9511575735196834"></String>
          </TextLine>

          
          
          <TextLine ID="eSc_line_ad8a8da4"
                    TAGREFS="LT11324"
                    BASELINE="556 621 905 599 1725 580 2518 592" 
                    HPOS="554"
                    VPOS="530"
                    WIDTH="1964"
                    HEIGHT="112">
            <Shape><Polygon POINTS="556 642 802 642 802 640 812 640 900 621 1036 637 1048 637 1051 637 1065 637 1204 618 1249 635 1252 635 1254 635 1256 635 1302 616 1481 633 1488 633 1490 633 1493 633 1567 613 1756 630 1763 630 1765 630 1768 630 1770 630 1803 611 1966 611 2035 628 2038 628 2040 628 2042 628 2045 628 2069 609 2515 623 2518 592 2513 535 2398 547 2334 537 2291 530 2288 530 2286 530 2269 537 2245 549 2207 539 2191 535 2188 535 2186 535 2133 539 2035 551 2007 542 1983 535 1980 535 1978 535 1887 544 1839 549 1832 544 1811 535 1808 535 1806 535 1803 535 1782 547 1765 554 1705 547 1617 537 1615 537 1612 537 1581 549 1574 551 1562 549 1507 539 1505 539 1502 539 1500 539 1486 551 1481 554 1450 551 1357 544 1354 544 1311 554 1299 556 1292 554 1259 542 1256 542 1096 542 1094 542 1010 544 1008 544 1005 544 984 559 979 563 852 563 852 561 814 547 812 547 809 547 807 547 755 563 752 566 554 566 556 621"/></Shape>
	    <String CONTENT="adnascebatur ejosque extremitas erat in sim interavitam recru ascendentem et tibur"
                    HPOS="554"
                    VPOS="530"
                    WIDTH="1964"
                    HEIGHT="112"
                    WC="0.9664526211052407"></String>
          </TextLine>

          
          
          <TextLine ID="eSc_line_d7b93c0f"
                    TAGREFS="LT11324"
                    BASELINE="568 695 1142 656 1694 640 2250 640 2544 652" 
                    HPOS="566"
                    VPOS="590"
                    WIDTH="1978"
                    HEIGHT="131">
            <Shape><Polygon POINTS="568 721 762 704 862 714 867 714 869 714 872 714 874 714 895 699 917 711 919 711 922 714 927 714 1010 714 1010 711 1013 711 1015 711 1015 709 1034 697 1058 709 1060 709 1063 709 1065 709 1068 709 1108 683 1636 671 1694 671 1732 690 1734 690 1737 690 1899 668 2007 683 2009 685 2078 685 2078 683 2081 683 2083 683 2112 664 2181 678 2183 678 2245 666 2542 668 2544 652 2542 594 2195 590 2193 590 2023 606 1901 590 1899 590 1811 592 1808 592 1758 611 1665 597 1662 597 1469 616 1290 606 1287 606 1285 606 1256 621 1189 609 1187 609 1185 609 1099 633 1096 633 1032 616 1029 616 1027 616 1025 616 1022 616 998 635 841 618 838 618 566 647 568 695"/></Shape>
	    <String CONTENT="aortae descendenti, et venae e art. communem, ideque sursum erat magis inflexa contrum"
                    HPOS="566"
                    VPOS="590"
                    WIDTH="1978"
                    HEIGHT="131"
                    WC="0.9527198710413867"></String>
          </TextLine>

          
          
          <TextLine ID="eSc_line_fff80372"
                    TAGREFS="LT11324"
                    BASELINE="566 759 967 726 1395 707 2262 699 2535 709" 
                    HPOS="563"
                    VPOS="645"
                    WIDTH="1972"
                    HEIGHT="136">
            <Shape><Polygon POINTS="566 781 1340 735 1385 735 1428 762 1431 762 1433 762 1435 762 1438 762 1488 735 1505 747 1507 747 1510 747 1512 747 1672 728 1768 747 1770 747 1772 747 1818 726 1875 752 1878 752 1880 752 2057 721 2148 731 2150 731 2152 731 2186 719 2257 742 2260 742 2262 742 2265 742 2312 721 2389 738 2391 740 2535 740 2535 709 2530 664 2382 664 2343 649 2341 649 2339 649 2336 649 2305 664 2250 645 2248 645 2245 645 2243 645 2171 668 2116 647 2114 647 2112 647 2109 647 2107 647 2071 671 2071 673 2069 673 1940 673 1909 652 1906 652 1904 652 1901 652 1746 676 1672 656 1670 656 1667 656 1500 673 1450 661 1447 661 1445 661 1364 678 1347 664 1345 664 1342 664 1340 664 1113 668 974 695 967 697 563 702 566 759"/></Shape>
	    <String CONTENT="vera sinstra veniebat a ramo satis insigrii qui a cava vemens per medum cordis paiete"
                    HPOS="563"
                    VPOS="645"
                    WIDTH="1972"
                    HEIGHT="136"
                    WC="0.9607002377510071"></String>
          </TextLine>

          
          
          <TextLine ID="eSc_line_addbda34"
                    TAGREFS="LT11324"
                    BASELINE="556 821 1201 771 2059 754 2554 759" 
                    HPOS="554"
                    VPOS="707"
                    WIDTH="2000"
                    HEIGHT="138">
            <Shape><Polygon POINTS="556 845 824 838 826 838 829 838 874 817 888 826 891 826 893 826 895 826 1005 807 1051 828 1053 828 1056 831 1094 831 1125 831 1125 828 1127 828 1130 828 1168 800 1531 790 1686 797 1689 797 1746 785 1777 802 1780 802 1782 802 1851 788 1899 802 1901 802 1904 802 1906 802 1971 783 2050 800 2054 800 2057 800 2059 800 2061 800 2136 776 2179 793 2181 793 2183 793 2186 793 2284 766 2327 788 2329 788 2331 788 2554 783 2554 759 2549 716 2255 723 2210 707 2207 707 2205 707 2202 707 2159 728 2047 728 1999 711 1997 711 1995 711 1992 711 1944 728 1918 709 1916 709 1913 709 1911 709 1909 709 1856 726 1827 711 1825 711 1823 711 1720 733 1694 716 1691 716 1689 716 1686 716 1524 721 1438 740 1404 726 1402 726 1400 726 1146 733 1144 733 1142 733 1115 750 950 740 948 740 850 745 848 745 845 745 814 769 812 769 752 757 750 757 747 757 745 757 726 771 723 774 652 774 623 759 621 759 618 759 616 759 614 759 614 762 597 776 594 778 554 778 556 821"/></Shape>
	    <String CONTENT="tubum aortae descendentis amlectebatur, et nesiioan rusus cavas epungeretur versus capul"
                    HPOS="554"
                    VPOS="707"
                    WIDTH="2000"
                    HEIGHT="138"
                    WC="0.9428749931129542"></String>
          </TextLine>

          
          
          <TextLine ID="eSc_line_d6e4f362"
                    TAGREFS="LT11324"
                    BASELINE="559 883 1287 828 1813 826 2198 812 2554 819" 
                    HPOS="554"
                    VPOS="762"
                    WIDTH="2000"
                    HEIGHT="152">
            <Shape><Polygon POINTS="559 914 700 895 726 910 728 910 731 910 733 910 735 910 743 907 812 886 843 900 845 900 848 900 915 886 943 898 946 898 948 898 950 898 1027 864 1373 852 1438 879 1440 879 1443 879 1445 879 1569 845 1643 860 1646 860 1648 860 1679 848 1705 867 1708 867 1710 867 1713 867 1715 867 1768 850 1832 864 1839 864 1842 864 1844 864 1846 864 1904 831 1949 857 1952 857 1954 857 1956 857 1959 857 1985 840 2021 855 2023 855 2026 855 2145 833 2171 850 2174 850 2176 850 2179 850 2186 850 2265 833 2551 833 2554 819 2549 764 2277 764 2274 764 2100 781 2071 783 2064 783 1971 762 1968 762 1966 762 1964 762 1928 783 1839 771 1837 771 1777 783 1725 766 1722 766 1720 766 1584 795 1553 776 1550 776 1548 776 1490 776 1488 776 1216 788 1213 788 1120 814 965 797 962 797 812 826 755 814 752 814 750 814 673 838 666 843 554 843 559 883"/></Shape>
	    <String CONTENT="vel feorsum ascenderet vel rasu potius inter pulmones absollocretur; sed auricula sinistra ei adnata"
                    HPOS="554"
                    VPOS="762"
                    WIDTH="2000"
                    HEIGHT="152"
                    WC="0.9645289158821106"></String>
          </TextLine>

          
          
          <TextLine ID="eSc_line_23535c70"
                    TAGREFS="LT11324"
                    BASELINE="559 938 1392 886 2558 874" 
                    HPOS="556"
                    VPOS="817"
                    WIDTH="2002"
                    HEIGHT="143">
            <Shape><Polygon POINTS="559 960 886 957 888 957 891 957 898 953 924 936 1056 943 1058 943 1060 943 1063 943 1079 929 1111 941 1113 941 1115 941 1118 941 1161 922 1323 919 1366 941 1371 943 1373 943 1376 943 1493 941 1495 941 1510 936 1596 912 1643 929 1646 929 1648 929 1748 907 1913 922 1916 922 1918 922 1964 903 2011 922 2014 922 2016 922 2176 895 2286 917 2288 917 2291 917 2293 917 2358 900 2556 910 2558 874 2554 831 2427 821 2425 821 2363 836 2358 836 2355 836 2260 817 2257 817 2255 817 2253 817 2214 840 2212 840 2207 840 2119 821 2116 821 2023 836 1992 826 1990 826 1987 826 1985 826 1916 848 1909 852 1835 852 1808 852 1770 833 1768 833 1765 833 1763 833 1713 848 1691 833 1689 833 1686 833 1684 833 1490 838 1488 838 1445 855 1381 843 1378 843 1376 843 1316 860 1280 845 1278 845 1275 845 1173 860 1068 850 1065 850 1010 852 1008 852 1005 852 974 876 972 876 848 867 845 867 843 867 793 883 556 888 559 938"/></Shape>
	    <String CONTENT="nontam alte cum illo seqpebatur, depressa scilicet a hunco cavae descendentis subquemlatebatis"
                    HPOS="556"
                    VPOS="817"
                    WIDTH="2002"
                    HEIGHT="143"
                    WC="0.9613786815328801"></String>
          </TextLine>

          
          
          <TextLine ID="eSc_line_6bfbcb8b"
                    TAGREFS="LT11324"
                    BASELINE="556 1012 683 993 1240 953 2561 934" 
                    HPOS="554"
                    VPOS="881"
                    WIDTH="2007"
                    HEIGHT="141">
            <Shape><Polygon POINTS="556 1022 917 1010 1003 991 1041 1008 1044 1008 1046 1010 1056 1010 1144 1010 1144 1008 1146 1008 1154 1005 1220 984 1352 993 1354 993 1440 977 1478 989 1481 989 1483 989 1486 989 1517 974 1639 972 1660 984 1662 984 1665 984 1667 984 1670 984 1672 984 1689 969 1825 969 1863 984 1866 984 1868 984 1870 984 1909 967 2023 979 2026 979 2162 960 2308 972 2355 977 2358 977 2558 965 2561 934 2556 895 2327 881 2324 881 2322 881 2320 881 2296 900 2214 883 2212 883 2116 905 2097 910 2083 907 2050 898 2047 898 2045 898 2042 898 2021 907 2014 912 2009 907 1985 891 1983 891 1980 891 1942 891 1940 891 1811 912 1722 895 1720 895 1605 917 1574 900 1572 900 1569 900 1567 900 1526 922 1524 922 1521 922 1459 903 1457 903 1455 903 1452 903 1397 924 1349 905 1347 905 1345 905 1342 905 1306 924 1268 907 1266 907 1263 907 1132 910 919 919 917 919 915 919 891 938 888 941 554 946 556 1012"/></Shape>
	    <String CONTENT="ideoque ejus extremitas deorsum flectebatur quanquam etiam in medio sui e tram alius uantulum magis"
                    HPOS="554"
                    VPOS="881"
                    WIDTH="2007"
                    HEIGHT="141"
                    WC="0.9563429427869392"></String>
          </TextLine>

          
          
          <TextLine ID="eSc_line_899cfa94"
                    TAGREFS="LT11324"
                    BASELINE="547 1070 972 1032 1505 1003 1842 991 2537 986" 
                    HPOS="544"
                    VPOS="941"
                    WIDTH="1993"
                    HEIGHT="141">
            <Shape><Polygon POINTS="2157 941 2126 957 2059 946 2057 946 1990 960 1909 946 1906 946 1904 946 1901 946 1875 962 1713 953 1710 953 1708 953 1679 967 1576 957 1574 957 1381 965 1378 965 1347 979 1201 974 1199 974 1197 974 1194 974 1163 993 1161 993 1101 984 1099 984 974 998 860 984 857 984 855 984 852 984 824 1005 766 996 764 996 762 996 731 1010 726 1010 721 1010 671 1000 669 1000 666 1000 664 1000 652 1012 649 1015 544 1015 547 1070 547 1082 800 1082 800 1079 802 1079 819 1070 833 1063 881 1067 900 1070 903 1070 905 1070 915 1067 958 1053 1029 1063 1051 1065 1053 1065 1091 1060 1263 1039 1295 1051 1297 1051 1299 1051 1302 1051 1330 1036 1383 1051 1395 1053 1397 1053 1400 1053 1402 1053 1404 1053 1409 1048 1435 1034 1567 1041 1569 1041 1572 1041 1574 1041 1593 1024 1784 1020 1942 1027 1944 1027 1947 1027 1990 1015 2064 1027 2107 1032 2109 1032 2238 1027 2241 1027 2243 1027 2255 1020 2265 1012 2310 1017 2360 1022 2363 1022 2537 1008 2537 986 2532 946 2241 953 2179 941 2167 941"/></Shape>
	    <String CONTENT="deorsium dependeret, non erat vero minor extra et utraque habebat extremitate nistar ciispee"
                    HPOS="544"
                    VPOS="941"
                    WIDTH="1993"
                    HEIGHT="141"
                    WC="0.9565837299046309"></String>
          </TextLine>

          
          
          <TextLine ID="eSc_line_1dea86dd"
                    TAGREFS="LT11324"
                    BASELINE="556 1134 1139 1079 1770 1048 2556 1048" 
                    HPOS="551"
                    VPOS="979"
                    WIDTH="2005"
                    HEIGHT="179">
            <Shape><Polygon POINTS="2525 989 2489 1003 2427 991 2425 991 2422 991 2391 1008 2119 1017 2042 1003 2007 998 2004 998 2002 998 1968 1008 1932 1017 1909 1010 1880 1003 1878 1003 1875 1003 1780 1017 1741 1022 1725 1020 1679 1010 1677 1010 1584 1027 1567 1029 1562 1027 1536 1017 1533 1017 1531 1017 1397 1034 1259 1027 1256 1027 1254 1027 1220 1043 1182 1029 1180 1029 1177 1029 1175 1029 1115 1048 1096 1036 1094 1036 1091 1036 1089 1036 1001 1043 998 1043 996 1043 982 1058 974 1063 551 1077 556 1134 556 1158 743 1151 745 1151 852 1120 912 1139 915 1139 917 1139 919 1139 1005 1110 1247 1103 1364 1127 1366 1127 1369 1127 1371 1127 1407 1098 1486 1106 1488 1106 1732 1086 1756 1101 1758 1101 1760 1101 1763 1101 1765 1101 1808 1082 1866 1106 1868 1106 1870 1106 1987 1091 2042 1101 2045 1101 2047 1101 2050 1101 2078 1082 2152 1096 2155 1096 2157 1096 2181 1084 2367 1089 2370 1089 2372 1089 2374 1089 2413 1075 2554 1082 2556 1048 2549 979 2532 984 2532 989"/></Shape>
	    <String CONTENT="nalli totaeus eont comgatae, sed sinistra duobus in locis magis rngosa quod nempe, astendebat"
                    HPOS="551"
                    VPOS="979"
                    WIDTH="2005"
                    HEIGHT="179"
                    WC="0.9566284472583443"></String>
          </TextLine>

          
          
          <TextLine ID="eSc_line_0cae30f2"
                    TAGREFS="LT11324"
                    BASELINE="535 1187 1309 1134 2551 1110" 
                    HPOS="532"
                    VPOS="1058"
                    WIDTH="2019"
                    HEIGHT="160">
            <Shape><Polygon POINTS="833 1108 781 1129 778 1132 532 1137 535 1187 535 1218 747 1213 750 1213 752 1213 781 1194 845 1199 848 1199 850 1199 905 1184 1001 1199 1003 1199 1005 1199 1084 1172 1130 1182 1132 1182 1134 1182 1189 1165 1424 1163 1476 1189 1478 1189 1481 1189 1483 1189 1627 1151 1987 1151 2057 1170 2059 1170 2061 1170 2348 1161 2351 1161 2353 1161 2396 1134 2449 1134 2551 1153 2551 1110 2547 1070 2477 1058 2475 1058 2410 1075 2391 1079 2224 1082 2219 1079 2183 1065 2181 1065 2179 1065 2176 1065 2174 1065 2157 1077 2095 1067 2093 1067 2090 1067 2038 1086 2033 1086 2030 1086 1983 1075 1980 1075 1978 1075 1975 1075 1932 1089 1925 1094 1801 1096 1796 1094 1746 1072 1744 1072 1741 1072 1612 1075 1462 1091 1440 1082 1438 1082 1435 1082 1433 1082 1366 1106 1326 1091 1323 1091 1321 1091 1318 1091 1316 1091 1316 1094 1299 1108 1256 1086 1254 1086 1252 1086 1070 1094 1068 1094 1065 1094 1041 1113 982 1098 979 1098 977 1098 974 1098 907 1120 862 1106 841 1108"/></Shape>
	    <String CONTENT="cum Jamo in adnascebatur postea vero descendebat a hunco cavae pressa; quare etion"
                    HPOS="532"
                    VPOS="1058"
                    WIDTH="2019"
                    HEIGHT="160"
                    WC="0.9489363795373498"></String>
          </TextLine>

          
          
          <TextLine ID="eSc_line_953020cc"
                    TAGREFS="LT11324"
                    BASELINE="566 1235 1328 1192" 
                    HPOS="561"
                    VPOS="1149"
                    WIDTH="767"
                    HEIGHT="126">
            <Shape><Polygon POINTS="652 1180 637 1196 637 1199 561 1201 566 1235 568 1275 678 1273 680 1273 688 1268 738 1244 826 1261 843 1263 845 1263 848 1263 857 1258 912 1235 970 1251 984 1256 986 1256 989 1256 991 1256 1008 1249 1077 1225 1326 1230 1328 1192 1323 1149 1156 1149 1154 1149 1151 1149 1149 1149 1125 1163 1094 1153 1091 1153 1089 1153 1087 1153 1084 1153 1084 1156 1070 1168 1065 1172 977 1177 958 1175 905 1165 903 1165 900 1165 852 1182 843 1184 833 1184 776 1175 774 1175 771 1175 769 1175 769 1177 766 1177 757 1189 757 1192 690 1194 688 1194 666 1177 657 1180"/></Shape>
	    <String CONTENT="duobus in locis devisum flectebatur"
                    HPOS="561"
                    VPOS="1149"
                    WIDTH="767"
                    HEIGHT="126"
                    WC="0.9615723712103708"></String>
          </TextLine>

          
          
          <TextLine ID="eSc_line_5fe2a37b"
                    TAGREFS="LT11324"
                    BASELINE="606 1301 671 1294" 
                    HPOS="599"
                    VPOS="1266"
                    WIDTH="72"
                    HEIGHT="62">
            <Shape><Polygon POINTS="609 1328 671 1313 671 1294 664 1266 599 1266 606 1301"/></Shape>
	    <String CONTENT="L"
                    HPOS="599"
                    VPOS="1266"
                    WIDTH="72"
                    HEIGHT="62"
                    WC="0.9949467778205872"></String>
          </TextLine>

          
          
          <TextLine ID="eSc_line_d5f0a9c8"
                    TAGREFS="LT11324"
                    BASELINE="700 1292 1302 1242 2210 1201 2554 1196" 
                    HPOS="695"
                    VPOS="1146"
                    WIDTH="1859"
                    HEIGHT="175">
            <Shape><Polygon POINTS="1177 1215 1106 1206 1103 1206 1101 1206 1013 1232 927 1220 924 1220 922 1220 891 1237 695 1249 700 1292 700 1321 1335 1266 1443 1266 1462 1280 1464 1280 1467 1280 1469 1280 1476 1280 1596 1273 1598 1273 1600 1273 1631 1251 2222 1239 2224 1239 2291 1218 2343 1232 2346 1232 2348 1232 2554 1223 2554 1196 2549 1153 2334 1146 2331 1146 2238 1163 2205 1146 2202 1146 2200 1146 2198 1146 2100 1175 2011 1156 2009 1156 2007 1156 2004 1156 1978 1177 1928 1163 1925 1163 1923 1163 1921 1163 1918 1163 1899 1177 1825 1177 1801 1161 1799 1161 1796 1161 1794 1161 1646 1168 1526 1175 1524 1175 1521 1175 1490 1201 1419 1182 1416 1182 1414 1182 1338 1192 1335 1192 1333 1192 1309 1211 1213 1199 1197 1199"/></Shape>
	    <String CONTENT="Jam circa basin cordis indiquaque adeps erat nulla vero versusmucrinem, nisi quaeda"
                    HPOS="695"
                    VPOS="1146"
                    WIDTH="1859"
                    HEIGHT="175"
                    WC="0.9633514198912195"></String>
          </TextLine>

          
          
          <TextLine ID="eSc_line_6aa0b2e6"
                    TAGREFS="LT11324"
                    BASELINE="575 1340 2081 1268 2556 1258" 
                    HPOS="573"
                    VPOS="1208"
                    WIDTH="1983"
                    HEIGHT="165">
            <Shape><Polygon POINTS="575 1373 788 1356 819 1364 833 1368 836 1368 838 1368 841 1368 843 1368 843 1366 848 1364 855 1354 1053 1344 1075 1354 1091 1361 1094 1361 1096 1361 1316 1352 1366 1342 1445 1328 1498 1337 1526 1342 1529 1342 1531 1342 1550 1335 1591 1321 1734 1328 1787 1330 1789 1330 1791 1330 1806 1325 1846 1311 1935 1316 1937 1316 2023 1301 2093 1313 2109 1316 2112 1316 2114 1316 2124 1313 2174 1294 2234 1309 2241 1309 2243 1309 2377 1304 2379 1304 2386 1301 2439 1282 2551 1294 2556 1258 2551 1213 2322 1208 2320 1208 2023 1237 1999 1239 1995 1239 1952 1225 1949 1225 1947 1225 1739 1235 1737 1235 1734 1235 1715 1251 1713 1251 1631 1239 1629 1239 1627 1239 1579 1258 1574 1258 1555 1258 1366 1251 1364 1251 1263 1273 1254 1273 1247 1273 1156 1261 1154 1261 1151 1261 1120 1273 1068 1266 1065 1266 1063 1266 1034 1282 1029 1285 573 1301 575 1340"/></Shape>
	    <String CONTENT="restigia, qua per quasi vena super cor apparentes descendebat, corjusmodo erunt quatuor"
                    HPOS="573"
                    VPOS="1208"
                    WIDTH="1983"
                    HEIGHT="165"
                    WC="0.9666808336630635"></String>
          </TextLine>

          
          
          <TextLine ID="eSc_line_33c75d26"
                    TAGREFS="LT11324"
                    BASELINE="566 1395 1956 1335 2582 1321" 
                    HPOS="563"
                    VPOS="1268"
                    WIDTH="2019"
                    HEIGHT="165">
            <Shape><Polygon POINTS="568 1433 637 1416 735 1426 738 1426 833 1409 967 1414 970 1414 972 1414 974 1414 991 1402 1084 1414 1094 1414 1096 1414 1106 1414 1187 1395 1244 1407 1247 1407 1249 1407 1531 1397 1545 1395 1660 1376 1813 1385 1830 1385 1832 1385 1835 1385 1839 1385 1901 1366 1985 1376 1987 1376 2136 1356 2580 1356 2582 1321 2575 1268 2260 1292 2222 1282 2202 1280 2200 1280 2159 1287 2078 1299 2009 1292 1964 1290 1961 1290 1959 1290 1932 1297 1897 1306 1870 1299 1851 1294 1849 1294 1846 1294 1844 1294 1842 1294 1832 1301 1820 1311 1658 1316 1631 1311 1598 1304 1596 1304 1593 1304 1557 1313 1533 1321 1495 1316 1440 1311 1438 1311 1345 1323 1297 1330 1278 1328 1237 1318 1235 1318 1144 1333 1113 1337 1075 1337 936 1330 934 1330 931 1330 876 1344 869 1347 860 1347 781 1337 778 1337 776 1337 747 1352 738 1352 616 1344 614 1344 611 1344 563 1356 566 1395"/></Shape>
	    <String CONTENT="ex triplice tantum origine iua erat infra cavam nepar versus tonquam exorigine amiculae"
                    HPOS="563"
                    VPOS="1268"
                    WIDTH="2019"
                    HEIGHT="165"
                    WC="0.9778573191028902"></String>
          </TextLine>

          
          
          <TextLine ID="eSc_line_b469eaba"
                    TAGREFS="LT11324"
                    BASELINE="547 1469 1464 1411 2573 1373" 
                    HPOS="542"
                    VPOS="1330"
                    WIDTH="2031"
                    HEIGHT="170">
            <Shape><Polygon POINTS="547 1500 788 1490 790 1490 862 1466 1015 1464 1034 1476 1036 1476 1039 1476 1041 1476 1044 1476 1079 1462 1113 1476 1115 1476 1118 1476 1127 1476 1385 1445 1524 1457 1531 1457 1533 1457 1536 1457 1538 1457 1567 1440 1653 1450 1655 1450 1748 1428 1887 1435 1889 1435 2124 1411 2152 1428 2155 1428 2157 1428 2159 1428 2162 1428 2164 1428 2164 1426 2183 1414 2286 1421 2298 1421 2300 1421 2303 1421 2305 1421 2322 1404 2422 1399 2453 1414 2456 1414 2458 1414 2461 1414 2463 1414 2465 1414 2492 1395 2570 1407 2573 1373 2568 1333 2331 1342 2327 1342 2312 1330 2310 1330 2308 1330 2305 1330 2303 1330 2253 1344 2243 1347 2236 1344 2207 1333 2205 1333 2202 1333 2200 1333 2198 1333 2179 1347 2174 1349 2155 1349 2050 1340 2047 1340 1971 1356 1964 1356 1959 1356 1904 1347 1901 1347 1899 1347 1851 1361 1832 1366 1789 1364 1684 1356 1682 1356 1548 1373 1471 1385 1254 1392 1216 1387 1170 1380 1168 1380 1165 1380 1125 1390 1089 1399 1053 1395 1008 1387 1005 1387 1003 1387 977 1397 948 1407 927 1399 905 1392 903 1392 900 1392 850 1402 793 1414 743 1407 707 1402 704 1402 542 1414 547 1469"/></Shape>
	    <String CONTENT="centrae qua desinebat versus, imncionem magis ut puto, quam eavitas dextri ventriculi cucue"
                    HPOS="542"
                    VPOS="1330"
                    WIDTH="2031"
                    HEIGHT="170"
                    WC="0.9607977559278299"></String>
          </TextLine>

          
          
          <TextLine ID="eSc_line_6c13809d"
                    TAGREFS="LT11324"
                    BASELINE="585 1521 2549 1426" 
                    HPOS="580"
                    VPOS="1378"
                    WIDTH="1969"
                    HEIGHT="172">
            <Shape><Polygon POINTS="585 1548 879 1550 881 1550 884 1550 941 1531 946 1531 958 1531 1122 1538 1125 1538 1304 1514 1323 1512 1333 1512 1412 1524 1414 1524 1416 1524 1467 1505 1471 1505 1486 1505 1586 1512 1588 1512 1677 1497 1710 1509 1713 1509 1715 1509 1830 1490 1959 1497 1961 1497 2052 1476 2059 1476 2064 1476 2102 1490 2104 1490 2107 1490 2200 1469 2210 1469 2217 1469 2303 1481 2305 1481 2501 1471 2504 1471 2549 1452 2549 1426 2544 1387 2499 1378 2496 1378 2494 1378 2463 1392 2401 1383 2398 1383 2305 1402 2296 1404 2243 1404 1710 1416 1612 1435 1610 1435 1608 1435 1569 1423 1567 1423 1565 1423 1562 1423 1512 1440 1510 1440 1507 1440 1419 1430 1416 1430 1414 1430 1364 1447 1361 1450 1122 1459 1091 1447 1089 1447 1087 1447 974 1452 972 1452 912 1469 800 1462 798 1462 795 1462 793 1462 771 1478 580 1485 585 1521"/></Shape>
	    <String CONTENT="tantum lineamenta referetat secunda ex origine amiculaae sinistrae oniebatC"
                    HPOS="580"
                    VPOS="1378"
                    WIDTH="1969"
                    HEIGHT="172"
                    WC="0.9518085523446401"></String>
          </TextLine>

          
          
          <TextLine ID="eSc_line_895d76f9"
                    TAGREFS="LT11324"
                    BASELINE="530 1588 1887 1516 2556 1497" 
                    HPOS="525"
                    VPOS="1452"
                    WIDTH="2031"
                    HEIGHT="177">
            <Shape><Polygon POINTS="532 1629 661 1607 700 1622 702 1622 704 1622 707 1622 812 1617 814 1617 819 1614 881 1595 1046 1605 1072 1605 1075 1605 1177 1600 1180 1600 1182 1600 1185 1598 1197 1588 1211 1595 1211 1598 1213 1598 1216 1598 1218 1598 1220 1598 1228 1595 1278 1576 1323 1586 1326 1586 1526 1567 1545 1579 1548 1579 1550 1579 1553 1579 1555 1579 1622 1559 1658 1571 1660 1571 1662 1571 1665 1571 1667 1571 1684 1557 1756 1564 1758 1564 1875 1548 1904 1562 1909 1564 1911 1564 1913 1564 1935 1559 2023 1538 2124 1536 2157 1550 2164 1552 2167 1552 2169 1552 2195 1548 2250 1533 2554 1528 2556 1497 2554 1457 2355 1452 2353 1452 2250 1469 2238 1469 2234 1469 2193 1454 2191 1454 2188 1454 2045 1471 2016 1462 2014 1462 2011 1462 2009 1462 1964 1478 1952 1483 1923 1481 1851 1473 1849 1473 1744 1488 1705 1493 1698 1490 1677 1478 1674 1478 1672 1478 1670 1478 1615 1493 1612 1493 1608 1493 1490 1488 1488 1488 1486 1488 1483 1488 1469 1500 1457 1507 1421 1500 1369 1493 1366 1493 1364 1493 1333 1505 1311 1514 1168 1521 1087 1514 1025 1509 1022 1509 1020 1509 1017 1509 1010 1516 1003 1521 972 1519 939 1516 936 1516 934 1516 931 1516 931 1519 927 1521 912 1536 525 1536 530 1588"/></Shape>
	    <String CONTENT="descentenso quoque Cersus mncionem tanquam vestigium ventriculi sinistius, sed sumebaturtomen"
                    HPOS="525"
                    VPOS="1452"
                    WIDTH="2031"
                    HEIGHT="177"
                    WC="0.9646121949277898"></String>
          </TextLine>

          
          
          <TextLine ID="eSc_line_b783a200"
                    TAGREFS="LT11324"
                    BASELINE="571 1674 1416 1595 2568 1552" 
                    HPOS="566"
                    VPOS="1514"
                    WIDTH="2002"
                    HEIGHT="194">
            <Shape><Polygon POINTS="575 1708 633 1693 755 1696 778 1696 781 1696 795 1693 924 1662 1041 1669 1044 1669 1046 1669 1087 1653 1165 1667 1189 1672 1192 1672 1194 1672 1206 1665 1249 1641 1381 1636 1433 1648 1435 1648 1438 1648 1440 1648 1443 1648 1464 1629 1560 1626 1639 1636 1696 1641 1715 1641 1739 1641 1751 1638 1770 1626 1796 1610 1990 1602 2040 1607 2109 1617 2112 1617 2114 1617 2116 1617 2138 1602 2155 1591 2200 1591 2214 1595 2245 1612 2248 1612 2250 1612 2487 1598 2489 1598 2568 1571 2568 1552 2561 1514 2181 1533 2121 1519 2119 1519 2116 1519 1925 1545 1830 1533 1827 1533 1691 1555 1619 1545 1617 1545 1364 1559 1247 1579 1199 1571 1197 1571 1194 1571 1149 1593 950 1583 948 1583 946 1583 881 1610 795 1610 755 1595 752 1595 750 1595 747 1595 745 1595 716 1619 566 1626 571 1674"/></Shape>
	    <String CONTENT="Certiae longe altius quam infine aeviblis sinistrae; nec ascendeet ostendebant nisi perexigum"
                    HPOS="566"
                    VPOS="1514"
                    WIDTH="2002"
                    HEIGHT="194"
                    WC="0.9086526295831127"></String>
          </TextLine>

          
          
          <TextLine ID="eSc_line_fdc7af77"
                    TAGREFS="LT11324"
                    BASELINE="592 1724 1744 1643 2568 1614" 
                    HPOS="587"
                    VPOS="1559"
                    WIDTH="1981"
                    HEIGHT="199">
            <Shape><Polygon POINTS="592 1758 845 1731 1115 1731 1120 1731 1120 1729 1122 1729 1249 1703 1361 1710 1364 1710 1486 1691 1567 1703 1569 1703 1572 1703 1576 1703 1698 1674 1892 1667 1932 1679 1935 1679 1937 1679 1940 1679 1942 1679 1959 1665 2011 1677 2014 1677 2016 1677 2021 1677 2114 1660 2143 1669 2145 1669 2148 1669 2260 1662 2262 1662 2312 1641 2346 1655 2348 1655 2351 1655 2568 1643 2568 1614 2561 1559 2382 1564 2331 1574 2262 1586 2226 1579 2191 1574 2188 1574 2186 1574 2183 1574 2171 1583 2159 1591 2119 1586 2078 1583 2076 1583 2073 1583 2071 1583 2064 1591 2054 1598 2042 1591 2026 1583 2023 1583 2021 1583 1947 1598 1894 1607 1866 1602 1818 1595 1815 1595 1753 1610 1722 1617 1653 1617 1490 1614 1488 1614 1486 1614 1440 1631 1431 1634 1424 1631 1397 1622 1395 1622 1392 1622 1244 1629 1242 1629 1173 1648 1158 1650 1146 1648 1082 1638 1079 1638 1077 1638 1039 1655 1034 1657 1005 1657 867 1657 864 1657 587 1684 592 1724"/></Shape>
	    <String CONTENT="sunstrum simum simul tamenjundae usque ad finem mucionis fere descendebant Jam Certio"
                    HPOS="587"
                    VPOS="1559"
                    WIDTH="1981"
                    HEIGHT="199"
                    WC="0.9566302011994755"></String>
          </TextLine>

          
          
          <TextLine ID="eSc_line_19cb0296"
                    TAGREFS="LT11324"
                    BASELINE="559 1782 1684 1703 2217 1688 2563 1667" 
                    HPOS="556"
                    VPOS="1622"
                    WIDTH="2007"
                    HEIGHT="205">
            <Shape><Polygon POINTS="2257 1643 2255 1645 2198 1650 1878 1667 1854 1665 1780 1655 1777 1655 1600 1679 1543 1686 1524 1684 1471 1674 1469 1674 1295 1686 1292 1686 1252 1698 1228 1705 1211 1700 1192 1696 1189 1696 1187 1696 1146 1705 1111 1712 1091 1708 1068 1700 1065 1700 1063 1700 1013 1712 970 1722 898 1720 826 1715 824 1715 766 1727 690 1741 666 1731 654 1727 652 1727 649 1727 647 1727 645 1727 635 1734 614 1746 556 1739 559 1782 561 1827 654 1803 781 1813 783 1813 786 1813 790 1813 1022 1777 1111 1791 1113 1791 1297 1760 1323 1777 1326 1777 1328 1777 1330 1777 1333 1777 1409 1751 1639 1739 1698 1755 1703 1755 1705 1755 1708 1755 1710 1755 1713 1755 1715 1753 1756 1729 1906 1722 1937 1739 1937 1741 1940 1741 1942 1741 1944 1741 1947 1741 1956 1739 2004 1722 2047 1731 2054 1734 2057 1734 2059 1734 2563 1698 2563 1667 2558 1626 2444 1622 2441 1622 2370 1636 2355 1638 2346 1636 2288 1624 2277 1624"/></Shape>
	    <String CONTENT="et quarta simul ordebanti ab extremitate auricula sinistrae nempe insina adescensuaorto"
                    HPOS="556"
                    VPOS="1622"
                    WIDTH="2007"
                    HEIGHT="205"
                    WC="0.9580107516255872"></String>
          </TextLine>

          
          
          <TextLine ID="eSc_line_31c01b65"
                    TAGREFS="LT11324"
                    BASELINE="571 1841 1218 1789 2566 1722" 
                    HPOS="566"
                    VPOS="1688"
                    WIDTH="2000"
                    HEIGHT="182">
            <Shape><Polygon POINTS="571 1870 702 1865 704 1865 745 1846 948 1851 950 1851 1132 1820 1237 1827 1240 1827 1242 1827 1244 1827 1263 1813 1345 1822 1347 1822 1521 1806 1545 1817 1548 1817 1550 1817 1553 1817 1648 1791 1722 1808 1725 1808 1727 1808 1729 1808 1732 1808 1768 1786 2100 1786 2119 1786 2121 1786 2124 1786 2128 1786 2217 1763 2238 1777 2241 1777 2243 1777 2245 1777 2248 1777 2312 1760 2403 1770 2406 1770 2408 1770 2410 1770 2413 1770 2439 1748 2472 1765 2475 1765 2477 1765 2566 1760 2566 1722 2558 1688 1385 1739 1383 1739 1333 1755 1259 1746 1256 1746 566 1798 571 1841"/></Shape>
	    <String CONTENT="facto, quarum 3a ut dixi 2 pugebatur ta ut ex protuberantia foris apparente posset"
                    HPOS="566"
                    VPOS="1688"
                    WIDTH="2000"
                    HEIGHT="182"
                    WC="0.966355331060363"></String>
          </TextLine>

          
          
          <TextLine ID="eSc_line_354e01e5"
                    TAGREFS="LT11324"
                    BASELINE="566 1894 1457 1834 2537 1786" 
                    HPOS="561"
                    VPOS="1739"
                    WIDTH="1976"
                    HEIGHT="174">
            <Shape><Polygon POINTS="566 1913 967 1906 1041 1892 1072 1884 1091 1887 1134 1896 1137 1896 1139 1896 1173 1884 1197 1875 1295 1877 1345 1877 1347 1877 1416 1870 1548 1856 1567 1863 1591 1870 1593 1870 1596 1870 1729 1865 1820 1849 1870 1839 1885 1844 1899 1851 1901 1851 1904 1851 1906 1851 1930 1841 1954 1834 1990 1839 2042 1846 2045 1846 2047 1846 2076 1834 2095 1827 2152 1829 2262 1837 2265 1837 2267 1837 2324 1820 2353 1813 2370 1817 2394 1827 2396 1827 2398 1827 2537 1808 2537 1786 2532 1748 2441 1739 2439 1739 2437 1739 2386 1755 2382 1755 2365 1755 2200 1753 2198 1753 2195 1753 2169 1767 2167 1767 2157 1767 2066 1760 2064 1760 1952 1779 1944 1779 1942 1779 1906 1767 1904 1767 1901 1767 1701 1789 1643 1782 1641 1782 1639 1782 1603 1798 1185 1806 1182 1806 1180 1806 1158 1820 1063 1813 1060 1813 1058 1813 1056 1813 1036 1829 962 1832 872 1837 869 1837 790 1827 788 1827 786 1827 738 1844 719 1834 716 1834 714 1834 561 1853 566 1894"/></Shape>
	    <String CONTENT=" tamen judicari cavitatem dextram monadeo ese profondam Jam ceda &amp;t eta aliaeque"
                    HPOS="561"
                    VPOS="1739"
                    WIDTH="1976"
                    HEIGHT="174"
                    WC="0.9613518100231886"></String>
          </TextLine>

          
          
          <TextLine ID="eSc_line_094241b5"
                    TAGREFS="LT11324"
                    BASELINE="561 1949 855 1937 1421 1889 2539 1846" 
                    HPOS="559"
                    VPOS="1796"
                    WIDTH="1980"
                    HEIGHT="182">
            <Shape><Polygon POINTS="561 1978 857 1966 860 1966 862 1966 862 1963 876 1951 900 1961 905 1963 907 1963 910 1963 1060 1956 1063 1956 1065 1956 1068 1951 1082 1942 1161 1946 1199 1949 1201 1949 1204 1949 1225 1944 1275 1930 1381 1935 1402 1935 1404 1935 1428 1932 1519 1918 1565 1925 1608 1930 1610 1930 1612 1930 1631 1920 1648 1911 1768 1906 1806 1911 1851 1915 1854 1915 1856 1915 1878 1906 1887 1901 1897 1906 1916 1915 1918 1915 1921 1915 1923 1915 1961 1901 1978 1896 2011 1899 2100 1906 2102 1906 2104 1906 2107 1906 2131 1892 2159 1903 2162 1903 2164 1903 2167 1903 2191 1892 2346 1894 2348 1894 2351 1894 2408 1877 2472 1889 2475 1889 2477 1889 2539 1868 2539 1846 2530 1796 2444 1817 2317 1808 2312 1808 2310 1808 2308 1808 2305 1808 2281 1825 2214 1817 2212 1817 2210 1817 2207 1817 2188 1829 2128 1817 2109 1815 2107 1815 2104 1815 2081 1820 2042 1829 1925 1829 1808 1829 1806 1829 1708 1841 1598 1856 1514 1853 1407 1849 1404 1849 1328 1863 1304 1868 1299 1865 1285 1856 1283 1856 1280 1856 1278 1856 1275 1856 1232 1868 1177 1860 1175 1860 1173 1860 1170 1860 1151 1872 1137 1882 559 1906 561 1949"/></Shape>
	    <String CONTENT="innumerae quasi venae a basi cordis versus uncionem non ad perpendi culum descendebant, sed"
                    HPOS="559"
                    VPOS="1796"
                    WIDTH="1980"
                    HEIGHT="182"
                    WC="0.969446491081636"></String>
          </TextLine>

          
          
          <TextLine ID="eSc_line_4774de1a"
                    TAGREFS="LT11324"
                    BASELINE="559 2013 1553 1949 2544 1920" 
                    HPOS="556"
                    VPOS="1860"
                    WIDTH="1988"
                    HEIGHT="184">
            <Shape><Polygon POINTS="559 2044 764 2037 766 2037 864 2011 1096 2021 1099 2021 1101 2021 1139 2001 1154 2013 1156 2013 1158 2013 1161 2016 1268 2016 1268 2013 1271 2013 1273 2013 1297 1992 1526 1980 1667 1987 1670 1987 1672 1987 1674 1987 1698 1973 1794 1987 1796 1987 1916 1963 2076 1975 2078 1975 2188 1954 2234 1968 2236 1968 2238 1968 2241 1968 2468 1944 2542 1954 2544 1920 2539 1875 2484 1865 2482 1865 2480 1865 2477 1865 2458 1880 2398 1860 2396 1860 2394 1860 2391 1860 2324 1887 2322 1889 2207 1892 2183 1892 2126 1872 2124 1872 2121 1872 2119 1872 2116 1872 2090 1892 2052 1887 2050 1887 2047 1887 2016 1901 2014 1901 2011 1901 1949 1887 1947 1887 1763 1889 1610 1911 1268 1913 1266 1913 1204 1937 1180 1923 1177 1923 1175 1923 1173 1923 1170 1923 1168 1923 1144 1939 1113 1923 1111 1923 1108 1923 1106 1923 1103 1923 1079 1944 1044 1932 1041 1932 1039 1932 950 1951 943 1954 556 1968 559 2013"/></Shape>
	    <String CONTENT="tangum a suinus vertus sinstro dende ad dextamflectebantur sola sa videllatur"
                    HPOS="556"
                    VPOS="1860"
                    WIDTH="1988"
                    HEIGHT="184"
                    WC="0.9638160838709249"></String>
          </TextLine>

          
          
          <TextLine ID="eSc_line_96ac8f75"
                    TAGREFS="LT11324"
                    BASELINE="571 2068 1261 2025 2537 1970" 
                    HPOS="566"
                    VPOS="1932"
                    WIDTH="1971"
                    HEIGHT="163">
            <Shape><Polygon POINTS="776 2018 566 2028 571 2068 571 2095 683 2078 712 2090 716 2092 719 2092 721 2092 862 2085 864 2085 876 2083 924 2066 960 2078 970 2080 972 2080 974 2080 977 2080 989 2075 1025 2059 1194 2054 1244 2061 1273 2066 1275 2066 1409 2059 1412 2059 1414 2059 1424 2052 1443 2040 1596 2037 1608 2042 1624 2049 1627 2049 1629 2049 1689 2037 1741 2028 1780 2032 1830 2040 1832 2040 1892 2028 1932 2018 1968 2023 2028 2030 2030 2030 2363 2013 2365 2013 2367 2013 2389 1999 2394 1997 2420 1999 2513 2006 2515 2006 2518 2006 2520 2006 2537 1994 2537 1970 2532 1932 2279 1946 2257 1944 2193 1937 2191 1937 2188 1937 2186 1937 2169 1949 2164 1951 2159 1949 2136 1939 2133 1939 2131 1939 2128 1939 2088 1954 2076 1956 2066 1954 2018 1942 2016 1942 2014 1942 2011 1942 1971 1954 1897 1946 1894 1946 1799 1968 1791 1968 1787 1968 1701 1956 1698 1956 1481 1978 1426 1968 1424 1968 1103 2001 1099 2001 1096 2001 826 1997 812 1997"/></Shape>
	    <String CONTENT="esse perpendicularis quae vero n sinistro latere eront minus flectebantur quam quae"
                    HPOS="566"
                    VPOS="1932"
                    WIDTH="1971"
                    HEIGHT="163"
                    WC="0.9765575980565634"></String>
          </TextLine>

          
          
          <TextLine ID="eSc_line_ca17c635"
                    TAGREFS="LT11324"
                    BASELINE="575 2126 1507 2066 2257 2044 2542 2013" 
                    HPOS="571"
                    VPOS="1978"
                    WIDTH="1971"
                    HEIGHT="176">
            <Shape><Polygon POINTS="578 2154 623 2142 657 2150 673 2154 676 2154 678 2154 680 2154 695 2150 712 2142 766 2145 888 2150 891 2150 1022 2130 1113 2116 1134 2123 1154 2130 1156 2130 1158 2130 1161 2130 1185 2121 1208 2111 1273 2116 1381 2123 1383 2123 1385 2123 1443 2107 1474 2097 1502 2102 1560 2114 1562 2114 1565 2114 1605 2097 1617 2090 1739 2085 1765 2087 1849 2097 1851 2097 2052 2087 2054 2087 2114 2068 2128 2064 2138 2066 2181 2078 2183 2078 2186 2078 2188 2078 2191 2078 2205 2066 2222 2078 2224 2078 2226 2078 2229 2078 2413 2068 2415 2068 2468 2047 2477 2044 2542 2044 2542 2013 2535 1978 2047 2011 2018 2006 1973 1999 1971 1999 1878 2016 1825 2023 1799 2021 1741 2011 1739 2011 1672 2028 1648 2032 1639 2028 1619 2021 1617 2021 1615 2021 1469 2025 1323 2047 1290 2052 1273 2049 1211 2040 1208 2040 1206 2040 1204 2040 1185 2054 1170 2042 1168 2042 1165 2042 1163 2042 1022 2049 1020 2049 986 2066 888 2056 886 2056 798 2078 795 2078 764 2064 762 2064 759 2064 571 2090 575 2126"/></Shape>
	    <String CONTENT="in dextro; sola tedia devique in cgntiarias partes feectebatur, ut scilitet, ut scilicet, ma"
                    HPOS="571"
                    VPOS="1978"
                    WIDTH="1971"
                    HEIGHT="176"
                    WC="0.9591441789399022"></String>
          </TextLine>

          
          
          <TextLine ID="eSc_line_f0415ac0"
                    TAGREFS="LT11324"
                    BASELINE="580 2195 1452 2128 2535 2090" 
                    HPOS="575"
                    VPOS="2028"
                    WIDTH="1960"
                    HEIGHT="203">
            <Shape><Polygon POINTS="2183 2059 2140 2052 2124 2049 2121 2049 2119 2049 2107 2054 2057 2073 1844 2071 1813 2071 1811 2071 1808 2071 1803 2073 1775 2085 1756 2075 1737 2068 1734 2068 1732 2068 1655 2083 1576 2097 1560 2087 1543 2080 1541 2080 1538 2080 1419 2085 1416 2085 1414 2085 1397 2099 1392 2102 1378 2099 1318 2090 1316 2090 1314 2090 1244 2109 1213 2116 1177 2114 1087 2102 1084 2102 972 2126 946 2133 862 2133 762 2133 743 2121 740 2121 738 2121 735 2121 575 2150 580 2195 582 2231 700 2224 702 2224 704 2224 726 2204 759 2216 762 2216 764 2216 831 2202 939 2212 948 2212 950 2212 953 2212 955 2212 1005 2185 1091 2176 1326 2166 1383 2183 1385 2183 1388 2183 1390 2183 1392 2183 1416 2166 1445 2173 1447 2173 1450 2173 1452 2173 1483 2159 1507 2171 1510 2171 1512 2171 1514 2171 1555 2154 1725 2161 1727 2161 1801 2147 1882 2159 1909 2161 1911 2161 1913 2161 1928 2157 1961 2142 2023 2150 2057 2154 2059 2154 2121 2145 2245 2126 2358 2133 2429 2135 2432 2135 2434 2135 2458 2126 2492 2114 2532 2121 2535 2090 2525 2028 2425 2056 2257 2061 2217 2047 2198 2047"/></Shape>
	    <String CONTENT="sugerntur: apparebead vero etiam tales venulae tronsversae in ipsa basi una inter"
                    HPOS="575"
                    VPOS="2028"
                    WIDTH="1960"
                    HEIGHT="203"
                    WC="0.979979662247646"></String>
          </TextLine>

          
          
          <TextLine ID="eSc_line_d2cbc855"
                    TAGREFS="LT11324"
                    BASELINE="590 2255 1354 2188 2554 2147" 
                    HPOS="585"
                    VPOS="2104"
                    WIDTH="1969"
                    HEIGHT="177">
            <Shape><Polygon POINTS="590 2281 852 2264 855 2264 857 2264 876 2250 919 2264 924 2264 927 2264 929 2264 931 2264 936 2262 979 2245 1041 2257 1051 2257 1053 2257 1056 2257 1063 2255 1111 2240 1146 2247 1149 2247 1151 2247 1154 2247 1177 2228 1352 2224 1392 2236 1400 2238 1402 2238 1404 2238 1407 2238 1416 2236 1464 2216 1512 2228 1519 2231 1521 2231 1524 2231 1526 2231 1531 2228 1565 2209 1765 2204 1782 2214 1784 2216 1787 2216 1789 2216 1791 2216 1794 2216 1808 2212 1854 2197 1901 2207 1937 2214 1940 2214 2069 2197 2179 2183 2219 2188 2277 2197 2279 2197 2281 2197 2308 2183 2315 2181 2339 2183 2427 2190 2429 2190 2551 2169 2554 2147 2547 2111 2336 2118 2245 2104 2243 2104 2124 2130 2121 2130 2016 2123 2014 2123 1901 2140 1803 2126 1801 2126 1725 2142 1531 2140 1529 2140 1526 2140 1524 2140 1507 2154 1469 2142 1467 2142 1464 2142 1357 2159 1170 2157 1168 2157 1053 2164 1051 2164 1005 2185 788 2183 786 2183 783 2183 781 2183 762 2200 585 2207 590 2255"/></Shape>
	    <String CONTENT="sligines ueriusque auricula alia sut amicula sinistra; sed erot etiam alius ex dgncus ramus"
                    HPOS="585"
                    VPOS="2104"
                    WIDTH="1969"
                    HEIGHT="177"
                    WC="0.9721586304706532"></String>
          </TextLine>

          
          
          <TextLine ID="eSc_line_9cab55cc"
                    TAGREFS="LT11324"
                    BASELINE="580 2305 1615 2240 2544 2224" 
                    HPOS="578"
                    VPOS="2154"
                    WIDTH="1966"
                    HEIGHT="187">
            <Shape><Polygon POINTS="860 2231 809 2245 793 2250 781 2247 757 2240 743 2243 719 2245 695 2247 683 2247 578 2257 580 2305 580 2341 919 2307 958 2322 960 2322 962 2322 965 2322 1036 2300 1137 2307 1139 2307 1142 2307 1206 2288 1309 2288 1404 2307 1407 2307 1409 2307 1471 2281 1703 2267 1770 2267 1811 2283 1813 2283 1815 2283 1818 2283 1875 2262 2033 2281 2035 2281 2245 2271 2329 2252 2542 2259 2544 2224 2537 2154 2422 2181 2386 2166 2384 2166 2317 2166 2315 2166 2312 2166 2310 2166 2308 2166 2279 2185 2169 2173 2143 2171 2140 2171 2116 2176 2026 2197 1911 2188 1863 2183 1861 2183 1858 2183 1832 2190 1794 2202 1691 2200 1584 2195 1581 2195 1579 2195 1553 2207 1533 2214 1507 2209 1478 2202 1476 2202 1474 2202 1438 2212 1397 2224 1369 2216 1340 2207 1338 2207 1335 2207 1244 2209 1242 2209 1182 2226 1154 2233 1137 2228 1118 2221 1115 2221 1113 2221 1111 2221 1089 2231 1070 2240 929 2243 917 2240 884 2231 862 2231"/></Shape>
	    <String CONTENT="vextra uniculae extrenittate versus extremitater sunst rae reflexus, tanquam"
                    HPOS="578"
                    VPOS="2154"
                    WIDTH="1966"
                    HEIGHT="187"
                    WC="0.9480026332955611"></String>
          </TextLine>

          
          
          <TextLine ID="eSc_line_670d8e16"
                    TAGREFS="LT11324"
                    BASELINE="592 2369 1744 2293 2518 2274" 
                    HPOS="590"
                    VPOS="2228"
                    WIDTH="1928"
                    HEIGHT="172">
            <Shape><Polygon POINTS="635 2400 637 2400 762 2381 802 2376 807 2379 819 2388 821 2388 824 2388 826 2388 829 2388 860 2376 864 2374 869 2376 891 2386 893 2386 895 2386 1039 2381 1041 2381 1111 2362 1132 2357 1149 2360 1216 2372 1218 2372 1220 2372 1256 2355 1259 2353 1268 2353 1342 2365 1345 2365 1347 2365 1385 2345 1402 2338 1753 2322 1760 2324 1789 2341 1791 2341 1794 2341 1796 2341 1799 2341 1818 2326 1973 2331 1975 2331 1978 2331 1980 2331 1980 2329 1999 2314 2095 2322 2097 2322 2100 2322 2102 2322 2116 2307 2150 2319 2152 2319 2155 2319 2284 2300 2422 2307 2425 2307 2427 2307 2518 2281 2518 2274 2511 2228 2241 2245 2222 2243 2174 2236 2171 2236 2169 2236 2167 2236 2155 2245 2148 2252 1956 2259 1944 2257 1889 2243 1887 2243 1885 2243 1882 2243 1827 2264 1825 2264 1823 2264 1784 2250 1782 2250 1780 2250 1615 2257 1426 2286 1414 2286 1404 2286 1220 2279 1218 2279 1216 2279 1173 2298 1163 2302 1151 2300 1091 2286 1089 2286 1087 2286 1032 2307 1020 2310 993 2307 857 2298 855 2298 769 2302 766 2302 764 2302 743 2322 709 2310 707 2310 704 2310 702 2310 700 2310 678 2324 671 2331 590 2331 592 2369 592 2391"/></Shape>
	    <String CONTENT="ut cum tertia vena concurremet. Notandum vero exhis quas voco quasi venas."
                    HPOS="590"
                    VPOS="2228"
                    WIDTH="1928"
                    HEIGHT="172"
                    WC="0.967331658344011"></String>
          </TextLine>

          
          
          <TextLine ID="eSc_line_6d3cb106"
                    TAGREFS="LT11324"
                    BASELINE="580 2422 2054 2341 2554 2333" 
                    HPOS="575"
                    VPOS="2271"
                    WIDTH="1979"
                    HEIGHT="187">
            <Shape><Polygon POINTS="582 2458 726 2436 800 2448 809 2448 812 2448 852 2446 1084 2422 1132 2431 1142 2431 1144 2431 1146 2431 1149 2431 1149 2429 1168 2415 1268 2424 1283 2424 1285 2424 1287 2424 1292 2422 1333 2405 1357 2419 1359 2419 1361 2419 1364 2419 1605 2408 1608 2408 1612 2408 1662 2388 1782 2398 1799 2398 1801 2398 1823 2396 1987 2372 2021 2381 2023 2381 2026 2381 2028 2381 2030 2381 2047 2369 2119 2379 2121 2379 2339 2355 2372 2367 2374 2367 2377 2367 2379 2367 2453 2350 2554 2357 2554 2333 2544 2271 2480 2288 2274 2286 2272 2286 2159 2305 2071 2295 2069 2295 2066 2295 2052 2295 1753 2324 1696 2314 1694 2314 1691 2314 1689 2314 1646 2331 1617 2319 1615 2319 1612 2319 1586 2319 1457 2326 1455 2326 1402 2343 1381 2333 1378 2333 1376 2333 1373 2333 1371 2333 1371 2336 1359 2348 1220 2353 1189 2341 1187 2341 1185 2341 986 2365 762 2362 759 2362 757 2362 755 2362 704 2379 575 2372 580 2422"/></Shape>
	    <String CONTENT="alias revera vegas videri alias tantum vel arterias nervosepoalsis dende quam potu"
                    HPOS="575"
                    VPOS="2271"
                    WIDTH="1979"
                    HEIGHT="187"
                    WC="0.9581068841422477"></String>
          </TextLine>

          
          
          <TextLine ID="eSc_line_19b6fe5c"
                    TAGREFS="LT11324"
                    BASELINE="566 2474 2229 2396 2547 2396" 
                    HPOS="563"
                    VPOS="2353"
                    WIDTH="1984"
                    HEIGHT="148">
            <Shape><Polygon POINTS="566 2501 879 2501 879 2498 881 2498 915 2486 929 2482 943 2484 979 2494 982 2494 984 2494 1075 2479 1142 2470 1163 2477 1187 2484 1189 2484 1192 2484 1194 2484 1197 2484 1211 2474 1225 2465 1349 2460 1407 2467 1450 2472 1452 2472 1521 2462 1622 2448 1679 2455 1708 2460 1710 2460 1713 2460 1715 2460 1720 2455 1737 2443 1803 2451 1806 2451 1808 2451 1811 2451 1825 2439 1854 2451 1856 2451 1858 2451 1861 2451 2026 2446 2112 2441 2114 2441 2116 2441 2116 2439 2140 2424 2544 2424 2547 2396 2542 2353 2104 2353 2102 2353 1815 2369 1813 2369 1739 2388 1737 2388 1734 2388 1691 2372 1689 2372 1686 2372 1586 2396 1579 2396 1565 2396 1409 2391 1407 2391 1230 2412 1216 2412 1213 2412 1170 2396 1168 2396 1165 2396 1163 2396 1161 2396 1139 2415 886 2417 884 2417 850 2429 848 2429 841 2429 712 2417 709 2417 707 2417 704 2417 680 2436 680 2439 563 2441 566 2474"/></Shape>
	    <String CONTENT="accuralissime fibris tenacis simis ex pericardio quae vasa se corde egredicutia circum"
                    HPOS="563"
                    VPOS="2353"
                    WIDTH="1984"
                    HEIGHT="148"
                    WC="0.975615395362987"></String>
          </TextLine>

          
          
          <TextLine ID="eSc_line_1c95ab6c"
                    TAGREFS="LT11324"
                    BASELINE="578 2532 2542 2439" 
                    HPOS="573"
                    VPOS="2400"
                    WIDTH="1969"
                    HEIGHT="168">
            <Shape><Polygon POINTS="578 2568 781 2544 826 2558 829 2558 831 2558 924 2553 927 2553 929 2553 950 2537 1017 2548 1027 2548 1029 2548 1032 2548 1034 2546 1063 2532 1101 2544 1103 2544 1106 2544 1108 2544 1111 2544 1113 2544 1137 2529 1462 2525 1550 2522 1553 2522 1555 2522 1557 2520 1574 2510 1610 2517 1629 2520 1631 2520 1660 2515 1739 2498 1866 2503 1921 2505 1923 2505 2052 2494 2293 2470 2542 2467 2542 2439 2539 2403 2288 2400 2286 2400 2284 2400 2241 2415 2229 2417 2210 2415 2136 2408 2133 2408 2061 2422 2033 2427 1961 2427 1835 2424 1832 2424 1770 2434 1727 2441 1691 2439 1634 2431 1631 2431 1572 2443 1529 2451 1438 2448 1330 2446 1328 2446 1326 2446 1309 2453 1299 2458 1273 2455 1228 2451 1225 2451 1223 2451 1220 2451 1211 2458 1201 2465 1165 2460 1130 2455 1127 2455 1079 2462 1020 2477 573 2484 578 2532"/></Shape>
	    <String CONTENT="plicabant, ipsa vasa  considerari quae erant e duo ab origine"
                    HPOS="573"
                    VPOS="2400"
                    WIDTH="1969"
                    HEIGHT="168"
                    WC="0.9589478334442514"></String>
          </TextLine>

          
          
          <TextLine ID="eSc_line_91fb8deb"
                    TAGREFS="LT11324"
                    BASELINE="547 2594 1290 2546 2556 2491" 
                    HPOS="542"
                    VPOS="2453"
                    WIDTH="2014"
                    HEIGHT="174">
            <Shape><Polygon POINTS="547 2627 750 2606 939 2608 941 2608 943 2608 1003 2591 1075 2603 1082 2603 1084 2603 1158 2599 1161 2599 1163 2599 1189 2580 1359 2575 1402 2587 1404 2587 1407 2587 1409 2587 1412 2587 1414 2587 1414 2584 1433 2570 1502 2582 1517 2582 1519 2582 1521 2582 1524 2582 1526 2580 1543 2568 1598 2575 1612 2577 1615 2577 1617 2577 1619 2577 1622 2575 1641 2558 1889 2548 1909 2560 1913 2563 1916 2563 1918 2563 1921 2563 1923 2563 1944 2558 1985 2548 2085 2551 2140 2551 2143 2551 2145 2551 2148 2551 2152 2546 2169 2537 2226 2544 2260 2546 2262 2546 2327 2539 2458 2520 2484 2529 2496 2534 2499 2534 2501 2534 2556 2525 2556 2491 2551 2453 1122 2513 1101 2515 1022 2529 984 2520 979 2520 977 2520 974 2520 972 2520 965 2522 922 2534 843 2527 831 2527 829 2527 826 2527 824 2527 824 2529 812 2539 786 2529 783 2529 781 2529 778 2529 764 2529 628 2548 542 2541 547 2594"/></Shape>
	    <String CONTENT="maexime unu ex mediabasi nempe a corta, E quae recta quidem sursum totia ascendebat sed"
                    HPOS="542"
                    VPOS="2453"
                    WIDTH="2014"
                    HEIGHT="174"
                    WC="0.9657196827318476"></String>
          </TextLine>

          
          
          <TextLine ID="eSc_line_bf09beb1"
                    TAGREFS="LT11324"
                    BASELINE="614 2651 1309 2599 2549 2551" 
                    HPOS="609"
                    VPOS="2501"
                    WIDTH="1940"
                    HEIGHT="176">
            <Shape><Polygon POINTS="614 2677 769 2658 795 2670 798 2670 800 2670 910 2666 912 2666 915 2666 946 2649 1137 2654 1165 2654 1168 2654 1170 2654 1173 2654 1173 2651 1194 2634 1268 2630 1349 2637 1352 2637 1435 2623 1488 2634 1495 2637 1498 2637 1500 2637 1502 2637 1505 2637 1507 2634 1526 2623 1557 2632 1567 2634 1569 2634 1572 2634 1574 2634 1586 2630 1639 2613 1737 2623 1768 2625 1770 2625 1772 2625 1775 2625 1780 2620 1803 2606 1820 2618 1823 2618 1825 2618 1827 2618 1830 2618 1885 2601 1944 2613 1966 2615 1968 2615 1999 2608 2076 2591 2121 2603 2126 2603 2128 2603 2131 2603 2133 2603 2138 2601 2179 2584 2348 2582 2365 2589 2372 2596 2374 2596 2377 2596 2379 2596 2549 2580 2549 2551 2544 2513 2477 2501 2475 2501 2472 2501 2422 2520 2420 2522 2322 2525 2238 2527 2198 2515 2195 2515 2193 2515 2026 2539 2021 2539 2018 2539 1975 2525 1973 2525 1971 2525 1868 2529 1866 2529 1827 2546 1722 2537 1720 2537 1717 2537 1684 2553 1639 2541 1636 2541 1634 2541 1631 2541 1629 2541 1608 2558 1608 2560 1605 2560 1216 2560 1213 2560 1058 2584 1017 2570 1015 2570 1013 2570 1010 2570 962 2587 931 2575 929 2575 927 2575 924 2575 922 2575 898 2591 886 2582 884 2582 881 2582 879 2582 609 2606 614 2651"/></Shape>
	    <String CONTENT="statim statim in duas ramos dividebatur quibus sinister devisur in aliad majus vas"
                    HPOS="609"
                    VPOS="2501"
                    WIDTH="1940"
                    HEIGHT="176"
                    WC="0.9676866611329521"></String>
          </TextLine>

          
          
          <TextLine ID="eSc_line_0d2163b4"
                    TAGREFS="LT11324"
                    BASELINE="604 2709 1376 2654 2551 2606" 
                    HPOS="602"
                    VPOS="2565"
                    WIDTH="1949"
                    HEIGHT="175">
            <Shape><Polygon POINTS="790 2720 888 2725 891 2725 893 2725 941 2706 1034 2718 1036 2718 1039 2718 1087 2699 1149 2711 1151 2711 1154 2711 1189 2694 1304 2704 1306 2704 1309 2704 1342 2685 1753 2666 1846 2677 1849 2677 1851 2677 1863 2677 2202 2644 2260 2656 2262 2656 2265 2656 2267 2656 2286 2639 2341 2651 2343 2651 2551 2642 2551 2606 2544 2565 2322 2580 2262 2577 2181 2572 2179 2572 2069 2584 1971 2596 1878 2594 1796 2591 1794 2591 1791 2591 1772 2599 1748 2608 1727 2601 1717 2596 1715 2596 1713 2596 1710 2596 1708 2596 1703 2601 1694 2611 1670 2603 1655 2599 1653 2599 1651 2599 1648 2599 1627 2606 1586 2615 1541 2608 1519 2606 1517 2606 1514 2606 1512 2606 1507 2611 1490 2620 1404 2615 1369 2613 1366 2613 1340 2618 1266 2632 1197 2623 1180 2623 1177 2623 1175 2623 1173 2623 1170 2625 1156 2637 967 2634 936 2634 934 2634 931 2634 927 2637 879 2651 800 2642 793 2642 790 2642 783 2642 690 2661 602 2651 604 2709 604 2740"/></Shape>
	    <String CONTENT="fcrebatur; aliud foris plone ex anteriore pechoris parte egrediebatur, nempeven"
                    HPOS="602"
                    VPOS="2565"
                    WIDTH="1949"
                    HEIGHT="175"
                    WC="0.9605190089986294"></String>
          </TextLine>

          
          
          <TextLine ID="eSc_line_169ec9a7"
                    TAGREFS="LT11324"
                    BASELINE="511 2763 1060 2728 1968 2694 2556 2658" 
                    HPOS="508"
                    VPOS="2625"
                    WIDTH="2048"
                    HEIGHT="172">
            <Shape><Polygon POINTS="511 2783 568 2797 571 2797 637 2795 640 2795 671 2778 676 2775 692 2775 788 2785 790 2785 793 2785 795 2785 812 2771 814 2771 819 2771 864 2778 867 2778 869 2778 903 2768 917 2763 924 2766 948 2780 950 2780 953 2780 955 2780 958 2780 972 2768 1151 2771 1154 2771 1156 2771 1158 2771 1175 2756 1185 2749 1507 2735 1581 2742 1646 2747 1648 2747 1732 2735 1854 2718 1935 2725 1937 2725 1940 2725 1942 2725 1954 2713 1978 2725 1987 2730 1990 2730 1992 2730 2023 2723 2097 2706 2169 2718 2191 2720 2193 2720 2195 2720 2214 2716 2291 2697 2324 2711 2329 2713 2331 2713 2334 2713 2336 2713 2343 2711 2379 2697 2403 2709 2406 2709 2408 2709 2556 2701 2556 2658 2551 2625 2305 2625 2303 2625 2300 2625 2267 2637 2260 2639 2248 2637 2191 2630 2188 2630 2114 2644 2085 2651 1975 2651 1691 2654 1512 2673 1476 2675 1455 2675 1349 2670 1347 2670 1345 2670 1306 2682 1287 2687 1259 2685 1201 2677 1199 2677 1197 2677 1161 2689 1149 2692 1137 2689 1101 2682 1099 2682 1013 2697 989 2699 979 2697 953 2689 950 2689 948 2689 946 2689 917 2699 898 2709 508 2718 511 2763"/></Shape>
	    <String CONTENT="arteriosa, graestatium versus sunistram deorsum versus tendebat, sed statim etiam haec in duos"
                    HPOS="508"
                    VPOS="2625"
                    WIDTH="2048"
                    HEIGHT="172"
                    WC="0.9592239726731118"></String>
          </TextLine>

          
          
          <TextLine ID="eSc_line_b25520dc"
                    TAGREFS="LT11324"
                    BASELINE="513 2809 2535 2720" 
                    HPOS="511"
                    VPOS="2682"
                    WIDTH="2024"
                    HEIGHT="160">
            <Shape><Polygon POINTS="513 2842 654 2828 812 2830 814 2830 898 2811 982 2821 984 2821 1223 2797 1326 2809 1328 2809 1330 2809 1333 2809 1357 2790 1495 2785 1548 2799 1550 2799 1553 2799 1758 2775 1820 2787 1823 2787 1916 2773 2028 2778 2030 2778 2033 2778 2107 2759 2195 2771 2198 2771 2372 2749 2532 2756 2535 2720 2530 2687 2379 2682 2377 2682 2272 2699 2257 2701 511 2763 513 2809"/></Shape>
	    <String CONTENT="amossecabatr equibus superior et dexterior in aortam destendentem confluebat"
                    HPOS="511"
                    VPOS="2682"
                    WIDTH="2024"
                    HEIGHT="160"
                    WC="0.986420286329169"></String>
          </TextLine>

          
          
          <TextLine ID="eSc_line_8762c19a"
                    TAGREFS="LT11324"
                    BASELINE="556 2849 879 2845 2551 2773" 
                    HPOS="554"
                    VPOS="2744"
                    WIDTH="1997"
                    HEIGHT="146">
            <Shape><Polygon POINTS="556 2878 669 2890 671 2890 1046 2873 1048 2873 1096 2861 1127 2852 1431 2842 1447 2849 1464 2857 1467 2857 1469 2857 1471 2857 1498 2847 1531 2838 1567 2845 1579 2847 1581 2847 1600 2845 1658 2833 1679 2842 1694 2847 1696 2847 1698 2847 1701 2847 1720 2840 1753 2828 1780 2838 1789 2842 1791 2842 1794 2842 1835 2838 1889 2828 1909 2833 1921 2838 1923 2838 1925 2838 1928 2838 1937 2833 1956 2823 1997 2830 2011 2833 2014 2833 2033 2830 2097 2816 2140 2826 2150 2828 2152 2828 2155 2828 2193 2826 2382 2802 2434 2816 2437 2816 2439 2816 2551 2811 2551 2773 2547 2744 2219 2744 2217 2744 2066 2761 2035 2763 2016 2763 1928 2756 1925 2756 1796 2771 1751 2778 554 2816 556 2849"/></Shape>
	    <String CONTENT="vatavite descendentis era omnium longe maxium, et deuplo major trureo caa"
                    HPOS="554"
                    VPOS="2744"
                    WIDTH="1997"
                    HEIGHT="146"
                    WC="0.9772378504276276"></String>
          </TextLine>

          
          
          <TextLine ID="eSc_line_d04f5f25"
                    TAGREFS="LT11324"
                    BASELINE="554 2907 2556 2830" 
                    HPOS="551"
                    VPOS="2797"
                    WIDTH="2005"
                    HEIGHT="136">
            <Shape><Polygon POINTS="554 2933 1036 2919 1046 2919 1118 2902 1242 2912 1287 2914 1290 2914 1292 2914 1295 2914 1299 2909 1321 2895 1392 2907 1416 2909 1419 2909 1421 2909 1438 2904 1493 2888 1536 2902 1538 2902 1541 2902 1543 2902 1560 2900 1653 2888 1765 2895 1799 2895 1801 2895 1803 2895 1811 2892 1846 2878 1913 2888 1928 2890 1930 2890 1932 2890 1940 2888 1997 2866 2245 2859 2293 2873 2296 2873 2298 2873 2300 2873 2367 2854 2413 2869 2415 2869 2417 2869 2556 2866 2556 2830 2549 2797 551 2866 554 2907"/></Shape>
	    <String CONTENT="mimor tautum erat venae arteriosse initio in quo notandus erae isu ruga in egressae"
                    HPOS="551"
                    VPOS="2797"
                    WIDTH="2005"
                    HEIGHT="136"
                    WC="0.9777456636888435"></String>
          </TextLine>

          
          
          <TextLine ID="eSc_line_65db802e"
                    TAGREFS="LT11324"
                    BASELINE="537 2959 1053 2933 2494 2888" 
                    HPOS="532"
                    VPOS="2852"
                    WIDTH="1962"
                    HEIGHT="136">
            <Shape><Polygon POINTS="895 2897 599 2919 532 2907 537 2959 537 2986 652 2988 654 2988 657 2988 659 2988 666 2983 685 2969 819 2978 881 2981 884 2981 886 2981 900 2974 934 2962 996 2971 1001 2971 1003 2971 1005 2971 1008 2971 1058 2957 1163 2967 1204 2969 1206 2969 1208 2969 1223 2964 1266 2950 1414 2957 1459 2959 1462 2959 1493 2955 1600 2938 1646 2950 1662 2955 1665 2955 1667 2955 1739 2952 1741 2952 1744 2952 1751 2947 1775 2933 1866 2943 1894 2945 1897 2945 1944 2940 2030 2931 2148 2933 2234 2935 2236 2935 2277 2928 2382 2912 2489 2921 2494 2888 2489 2857 2162 2852 2159 2852 2157 2852 2128 2864 2124 2866 2093 2866 1987 2861 1985 2861 1983 2861 1959 2869 1944 2873 1925 2871 1878 2861 1875 2861 1823 2873 1794 2878 1648 2878 1478 2876 1476 2876 1474 2876 1462 2883 1445 2890 1366 2885 1311 2881 1309 2881 1280 2888 1235 2897 1192 2888 1168 2885 1165 2885 1142 2890 1089 2902 991 2895 962 2892 960 2892"/></Shape>
	    <String CONTENT="e corde quae ibi cavitatem faciebat, riltque audicium illud fuisse longe majus sed sau"
                    HPOS="532"
                    VPOS="2852"
                    WIDTH="1962"
                    HEIGHT="136"
                    WC="0.9726420464210732"></String>
          </TextLine>

          
          
          <TextLine ID="eSc_line_430d4f6e"
                    TAGREFS="LT11324"
                    BASELINE="532 3019 723 3010" 
                    HPOS="528"
                    VPOS="2967"
                    WIDTH="195"
                    HEIGHT="74">
            <Shape><Polygon POINTS="532 3041 723 3033 723 3010 716 2967 528 2974 532 3019"/></Shape>
	    <String CONTENT="eccasae"
                    HPOS="528"
                    VPOS="2967"
                    WIDTH="195"
                    HEIGHT="74"
                    WC="0.951624367918287"></String>
          </TextLine>

          
          
          <TextLine ID="eSc_line_3e00589d"
                    TAGREFS="LT11324"
                    BASELINE="986 2998 1498 2971 2566 2943" 
                    HPOS="984"
                    VPOS="2897"
                    WIDTH="1582"
                    HEIGHT="139">
            <Shape><Polygon POINTS="986 3024 1022 3036 1025 3036 1027 3036 1029 3036 1032 3036 1048 3024 1063 3014 1077 3021 1096 3031 1099 3031 1101 3031 1103 3031 1120 3021 1139 3012 1271 3017 1273 3017 1366 3002 1431 3014 1435 3014 1438 3014 1440 3014 1443 3014 1443 3012 1457 3000 1517 3012 1550 3019 1553 3019 1591 3012 1670 2993 1732 3007 1748 3012 1751 3012 1753 3014 1799 3014 1799 3012 1801 3012 1803 3012 1811 3007 1835 2990 1894 3005 1911 3007 1913 3007 1916 3007 1918 3007 1923 3005 1952 2986 1968 2998 1971 2998 1973 2998 1975 2998 2042 2986 2169 2998 2198 3000 2200 3000 2219 2998 2320 2976 2365 2990 2367 2990 2370 2990 2372 2990 2374 2990 2389 2978 2406 2993 2408 2993 2410 2993 2413 2993 2566 2988 2566 2943 2558 2897 2429 2912 2336 2904 2293 2902 2291 2902 2260 2907 2202 2919 2169 2912 2162 2909 2159 2909 2157 2909 2155 2909 2148 2912 2124 2921 1935 2919 1768 2919 1765 2919 1763 2919 1760 2919 1751 2926 1741 2935 1672 2935 1622 2931 1550 2926 1548 2926 1426 2940 1364 2945 1328 2943 1232 2935 1230 2935 1154 2950 1134 2952 1122 2950 1063 2940 1060 2940 984 2955 986 2998"/></Shape>
	    <String CONTENT="feter vero venae arteriosae rumus inferior statim in duos alios insignes"
                    HPOS="984"
                    VPOS="2897"
                    WIDTH="1582"
                    HEIGHT="139"
                    WC="0.947891299923261"></String>
          </TextLine>

          
          
          <TextLine ID="eSc_line_1fa2f3b3"
                    TAGREFS="LT11324"
                    BASELINE="506 3060 1407 3029 2558 3019" 
                    HPOS="504"
                    VPOS="2964"
                    WIDTH="2054"
                    HEIGHT="124">
            <Shape><Polygon POINTS="1180 3005 1177 3005 986 3007 979 3007 893 2990 891 2990 771 3012 757 3014 635 3014 623 3017 599 3017 575 3019 551 3019 549 3014 504 3014 506 3060 506 3088 755 3088 755 3086 757 3086 771 3081 817 3069 958 3079 1005 3081 1008 3081 1010 3081 1013 3081 1015 3079 1036 3062 1228 3074 1287 3076 1290 3076 1292 3076 1295 3076 1299 3072 1318 3060 1498 3064 1500 3064 1502 3064 1555 3053 1662 3062 1665 3062 1830 3048 1892 3060 1894 3060 2002 3045 2054 3057 2071 3062 2073 3062 2076 3062 2191 3060 2193 3060 2202 3055 2226 3043 2286 3055 2308 3057 2310 3057 2312 3057 2315 3057 2320 3053 2339 3038 2363 3050 2365 3050 2367 3050 2558 3048 2558 3019 2554 2981 2382 2964 2379 2964 2274 2983 2157 2974 2155 2974 1909 2990 1901 2990 1899 2990 1832 2974 1830 2974 1827 2974 1825 2974 1748 2993 1682 2976 1679 2976 1677 2976 1600 2988 1486 2981 1483 2981 1481 2981 1447 2995 1421 2983 1419 2983 1416 2983 1414 2983 1376 2998 1218 2986 1206 2986"/></Shape>
	    <String CONTENT="cramos divi debati qui in duobus putmonum lobis ibant, horumque dexter rursus exse etin"
                    HPOS="504"
                    VPOS="2964"
                    WIDTH="2054"
                    HEIGHT="124"
                    WC="0.9725023741009592"></String>
          </TextLine>

          
          
          <TextLine ID="eSc_line_1f2dd80f"
                    TAGREFS="LT11324"
                    BASELINE="566 3110 1240 3086 2265 3067 2549 3072" 
                    HPOS="563"
                    VPOS="3029"
                    WIDTH="1986"
                    HEIGHT="110">
            <Shape><Polygon POINTS="566 3139 1225 3112 1268 3124 1271 3124 1273 3124 1371 3110 1433 3122 1438 3122 1440 3122 1443 3122 1445 3122 1471 3107 1748 3115 1760 3115 1763 3115 1765 3115 1768 3115 1789 3100 1971 3110 1973 3110 1975 3110 2014 3096 2097 3107 2100 3107 2102 3107 2104 3107 2150 3093 2212 3103 2214 3103 2217 3103 2219 3103 2219 3100 2231 3091 2547 3098 2549 3072 2547 3031 1997 3029 1995 3029 1930 3043 1340 3043 1338 3043 1220 3057 1130 3048 1127 3048 1125 3048 1122 3048 1106 3060 826 3055 824 3055 563 3072 566 3110"/></Shape>
	    <String CONTENT="ramum insignem emittebat, pro superiori, arte siri pulmonis adeo ut omnino"
                    HPOS="563"
                    VPOS="3029"
                    WIDTH="1986"
                    HEIGHT="110"
                    WC="0.9669990092515945"></String>
          </TextLine>

          
          
          <TextLine ID="eSc_line_28f0cbc3"
                    TAGREFS="LT11324"
                    BASELINE="382 3170 996 3143 2288 3117 2499 3122" 
                    HPOS="379"
                    VPOS="3079"
                    WIDTH="2120"
                    HEIGHT="119">
            <Shape><Polygon POINTS="451 3129 427 3134 403 3153 401 3127 379 3127 382 3170 382 3198 664 3198 664 3196 666 3196 669 3196 673 3191 690 3179 752 3189 783 3193 786 3193 788 3193 800 3189 829 3174 924 3174 1091 3182 1137 3184 1139 3184 1206 3179 1500 3160 1586 3172 1588 3172 1591 3174 1694 3174 1694 3172 1696 3172 1698 3172 1698 3170 1713 3160 1873 3167 1906 3167 1909 3167 1911 3167 1916 3165 1949 3150 1997 3165 2002 3165 2004 3165 2007 3165 2009 3165 2011 3165 2050 3148 2291 3153 2293 3153 2296 3153 2324 3141 2494 3153 2499 3122 2494 3079 953 3103 855 3117 843 3117 836 3117 752 3107 750 3107 475 3122 475 3124"/></Shape>
	    <String CONTENT="trubus rais asserae arteriaeresponderent; notandum vero hos duos ramos praecipuos suprae"
                    HPOS="379"
                    VPOS="3079"
                    WIDTH="2120"
                    HEIGHT="119"
                    WC="0.951194629073143"></String>
          </TextLine>

          
          
          <TextLine ID="eSc_line_93e366e0"
                    TAGREFS="LT11324"
                    BASELINE="537 3222 1275 3186 1885 3186 2451 3172" 
                    HPOS="535"
                    VPOS="3119"
                    WIDTH="1916"
                    HEIGHT="134">
            <Shape><Polygon POINTS="2327 3119 2281 3136 2174 3124 2171 3124 2169 3124 2167 3124 2148 3141 2145 3141 2138 3141 1942 3134 1940 3134 1937 3134 1901 3148 1899 3148 1882 3148 1481 3143 1478 3143 1476 3143 1474 3143 1455 3158 1409 3146 1407 3146 1404 3146 1216 3162 1134 3153 1132 3153 1044 3170 876 3160 874 3160 783 3179 685 3167 683 3167 680 3167 678 3167 659 3182 575 3172 573 3172 571 3172 535 3186 537 3222 537 3253 616 3253 618 3253 671 3232 697 3251 700 3251 702 3251 704 3251 747 3248 750 3248 795 3225 986 3222 1044 3241 1046 3241 1048 3241 1068 3239 1087 3239 1111 3239 1125 3239 1127 3239 1130 3239 1156 3217 1197 3229 1199 3229 1201 3229 1204 3229 1206 3229 1223 3215 1275 3225 1278 3225 1280 3225 1306 3213 1419 3220 1421 3220 1510 3208 1550 3222 1553 3222 1555 3222 1557 3222 1598 3205 1641 3222 1643 3222 1646 3222 1835 3201 1870 3217 1873 3217 1875 3217 1913 3217 2274 3203 2277 3203 2308 3191 2446 3201 2451 3172 2446 3134 2331 3119 2329 3119"/></Shape>
	    <String CONTENT="duo foramina arteria istemsae exisere, et esse latiores uno fertii lupra tria"
                    HPOS="535"
                    VPOS="3119"
                    WIDTH="1916"
                    HEIGHT="134"
                    WC="0.9555612260645087"></String>
          </TextLine>

          
          
          <TextLine ID="eSc_line_740bacdc"
                    TAGREFS="LT11324"
                    BASELINE="566 3268 1397 3229 2558 3217" 
                    HPOS="563"
                    VPOS="3177"
                    WIDTH="1995"
                    HEIGHT="122">
            <Shape><Polygon POINTS="1854 3189 1830 3189 1811 3189 1746 3198 1734 3198 1694 3198 1218 3198 1216 3198 1213 3198 1211 3198 1211 3201 1199 3210 1099 3201 1096 3201 563 3229 566 3268 566 3299 800 3275 850 3287 852 3287 855 3287 857 3287 886 3272 1082 3287 1096 3287 1099 3287 1106 3287 1208 3265 1388 3275 1390 3275 1392 3275 1433 3260 1486 3277 1488 3277 1490 3277 1493 3277 1495 3277 1498 3277 1524 3260 1596 3275 1605 3275 1608 3275 1610 3275 1617 3272 1677 3256 1760 3265 1763 3265 1854 3251 1923 3263 1925 3263 1992 3251 2248 3258 2308 3258 2310 3258 2312 3258 2324 3256 2377 3241 2422 3253 2434 3256 2437 3256 2439 3256 2558 3248 2558 3217 2551 3177 2052 3196 1973 3191 1897 3186 1878 3189"/></Shape>
	    <String CONTENT="foramina venae arteriosae; item hos tres ratuos non diu conservare dumtrem embraram"
                    HPOS="563"
                    VPOS="3177"
                    WIDTH="1995"
                    HEIGHT="122"
                    WC="0.9818662196756845"></String>
          </TextLine>

          
          
          <TextLine ID="eSc_line_48852701"
                    TAGREFS="LT11324"
                    BASELINE="544 3322 1330 3287 2563 3272" 
                    HPOS="542"
                    VPOS="3225"
                    WIDTH="2021"
                    HEIGHT="131">
            <Shape><Polygon POINTS="850 3268 800 3258 798 3258 542 3279 544 3322 544 3356 719 3332 755 3346 757 3346 759 3346 833 3334 872 3351 874 3351 876 3351 989 3349 991 3349 1041 3325 1261 3320 1283 3332 1285 3332 1287 3332 1290 3332 1292 3332 1323 3315 1557 3313 1646 3330 1648 3330 1772 3308 1897 3308 1961 3327 1964 3327 1966 3327 2052 3325 2054 3325 2102 3303 2131 3322 2133 3322 2136 3322 2138 3322 2296 3306 2561 3313 2563 3272 2558 3229 2367 3225 2365 3225 2363 3225 2331 3234 2308 3241 2250 3236 2198 3232 2195 3232 2148 3239 2102 3246 2073 3241 2040 3234 2038 3234 2035 3234 2009 3241 1987 3248 1882 3246 1667 3239 1665 3239 1662 3239 1615 3253 1600 3256 1584 3253 1521 3244 1519 3244 1517 3244 1514 3244 1495 3256 1493 3258 1488 3256 1469 3244 1467 3244 1464 3244 1462 3244 1390 3256 1213 3248 1211 3248 1008 3268 984 3270 972 3270 879 3256 876 3256 874 3256"/></Shape>
	    <String CONTENT="suarum sed absque ulla sectione a carne pulmonum avelli potnisse ita ut vix honversu"
                    HPOS="542"
                    VPOS="3225"
                    WIDTH="2021"
                    HEIGHT="131"
                    WC="0.9584490947780155"></String>
          </TextLine>

          
          
          <TextLine ID="eSc_line_119c2ac3"
                    TAGREFS="LT11324"
                    BASELINE="556 3373 1271 3354" 
                    HPOS="554"
                    VPOS="3308"
                    WIDTH="717"
                    HEIGHT="100">
            <Shape><Polygon POINTS="556 3408 1268 3380 1271 3354 1266 3320 1204 3308 1201 3308 1199 3308 1175 3320 1165 3320 1001 3313 998 3313 927 3325 905 3327 884 3325 821 3318 819 3318 554 3330 556 3373"/></Shape>
	    <String CONTENT="digiti latitudinem retinerent"
                    HPOS="554"
                    VPOS="3308"
                    WIDTH="717"
                    HEIGHT="100"
                    WC="0.9802543520927429"></String>
          </TextLine>

          
          
          <TextLine ID="eSc_line_62773c4d"
                    TAGREFS="LT11324"
                    BASELINE="563 3440 872 3411 1247 3399 1467 3380 2573 3344" 
                    HPOS="559"
                    VPOS="3303"
                    WIDTH="2014"
                    HEIGHT="158">
            <Shape><Polygon POINTS="563 3461 721 3454 723 3454 726 3454 755 3435 807 3451 809 3451 812 3451 814 3451 852 3440 924 3447 929 3447 931 3447 934 3447 936 3447 960 3428 1027 3440 1029 3440 1032 3440 1070 3423 1158 3437 1163 3437 1165 3437 1168 3437 1170 3437 1197 3423 1424 3425 1426 3425 1428 3425 1431 3425 1462 3408 1619 3413 1622 3413 1801 3397 1911 3406 1947 3408 1949 3408 2011 3406 2014 3406 2016 3406 2021 3401 2042 3387 2107 3399 2133 3401 2136 3401 2169 3394 2238 3382 2327 3389 2374 3392 2377 3392 2570 3377 2573 3344 2570 3308 2241 3303 2238 3303 2236 3303 2234 3303 2210 3322 2207 3322 2200 3322 2076 3308 2073 3308 2071 3308 1987 3330 1868 3318 1866 3318 1863 3318 1825 3334 1791 3322 1789 3322 1787 3322 1784 3322 1744 3334 1447 3332 1445 3332 1443 3332 1395 3354 1342 3339 1340 3339 1338 3339 1335 3339 1297 3361 1292 3363 559 3389 563 3440"/></Shape>
	    <String CONTENT="Volavi praeterea nevum exiguum (proculdubio ex tto Mri) inter initia venae arteriosae et aortas"
                    HPOS="559"
                    VPOS="3303"
                    WIDTH="2014"
                    HEIGHT="158"
                    WC="0.9566215772377817"></String>
          </TextLine>

          
          
          <TextLine ID="eSc_line_b408bc2c_b"
                    TAGREFS="LT11324"
                    BASELINE="546 3477 2518 3408" 
                    HPOS="534"
                    VPOS="3365"
                    WIDTH="1984"
                    HEIGHT="154">
            <Shape><Polygon POINTS="695 3428 616 3442 592 3437 571 3440 568 3430 547 3428 544 3428 542 3428 534 3431 545 3466 550 3519 563 3518 750 3497 838 3509 845 3509 848 3509 850 3509 852 3509 876 3492 974 3504 986 3504 989 3504 998 3504 1072 3485 1149 3497 1154 3497 1156 3497 1161 3497 1268 3478 1295 3490 1297 3490 1299 3490 1302 3490 1342 3475 1443 3487 1455 3487 1457 3487 1459 3487 1467 3485 1531 3468 1873 3471 1923 3471 1925 3471 1956 3468 2155 3447 2234 3454 2236 3454 2238 3454 2241 3454 2260 3442 2363 3454 2377 3454 2379 3454 2382 3454 2386 3451 2417 3437 2515 3447 2518 3408 2515 3377 2396 3365 2394 3365 2279 3382 2195 3368 2193 3368 2191 3368 2121 3389 2114 3389 1732 3385 1729 3385 1727 3385 1651 3406 1600 3389 1598 3389 1596 3389 1364 3404 1361 3404 1330 3418 1328 3418 1323 3418 1204 3404 1201 3404 1199 3404 1151 3423 1072 3408 1070 3408 953 3413 950 3413 948 3413 922 3432 919 3432 912 3432 752 3423 738 3425 714 3428"/></Shape>
	    <String CONTENT="ex medit  cordit sursam cum aorta ascendentm. Vasa ed cor ingredientia erunt tuncus"
                    HPOS="534"
                    VPOS="3365"
                    WIDTH="1984"
                    HEIGHT="154"
                    WC="0.962992729910885"></String>
          </TextLine>

          
          
          <TextLine ID="eSc_line_1356767b"
                    TAGREFS="LT11324"
                    BASELINE="551 3530 1333 3497 1968 3490 2499 3466" 
                    HPOS="548"
                    VPOS="3423"
                    WIDTH="1951"
                    HEIGHT="146">
            <Shape><Polygon POINTS="664 3566 666 3566 669 3566 669 3564 692 3549 740 3561 750 3564 752 3564 755 3564 757 3564 764 3561 793 3545 819 3559 821 3559 824 3559 826 3559 829 3559 838 3557 891 3545 977 3552 1022 3554 1025 3554 1027 3554 1039 3549 1063 3537 1163 3542 1165 3542 1168 3542 1170 3542 1173 3542 1194 3528 1476 3523 1490 3528 1505 3535 1507 3535 1510 3535 1512 3535 1529 3528 1550 3516 1677 3516 1698 3521 1734 3528 1737 3528 1739 3528 1741 3528 1756 3518 1768 3509 1835 3509 1861 3514 1916 3523 1918 3523 2047 3521 2050 3521 2052 3521 2073 3504 2076 3502 2088 3504 2155 3516 2157 3516 2226 3504 2396 3509 2398 3509 2401 3509 2403 3509 2415 3497 2451 3506 2453 3506 2456 3506 2458 3506 2499 3485 2499 3466 2492 3423 1763 3456 1751 3451 1741 3444 1739 3444 1737 3444 1734 3444 1498 3451 1495 3451 1493 3451 1476 3461 1467 3466 1392 3466 1213 3461 1211 3461 1137 3475 1118 3478 1108 3475 1068 3466 1065 3466 1063 3466 912 3483 895 3485 888 3485 833 3473 831 3473 829 3473 793 3487 695 3480 692 3480 548 3497 555 3569"/></Shape>
	    <String CONTENT="avae ac qui fere soc proprie cor ingroedi vedebatur: alia pero vel exipsa veC a"
                    HPOS="548"
                    VPOS="3423"
                    WIDTH="1951"
                    HEIGHT="146"
                    WC="0.9574814038940623"></String>
          </TextLine>

          
          
          <TextLine ID="eSc_line_55894c62"
                    TAGREFS="LT11324"
                    BASELINE="561 3595 1467 3542 2186 3533 2511 3511" 
                    HPOS="556"
                    VPOS="3478"
                    WIDTH="1955"
                    HEIGHT="145">
            <Shape><Polygon POINTS="2090 3485 2002 3497 1956 3502 1921 3499 1823 3492 1799 3492 1775 3492 1751 3494 1729 3494 1715 3509 1710 3511 1708 3509 1686 3494 1684 3494 1682 3494 1679 3494 1677 3494 1622 3511 1615 3514 1608 3511 1572 3499 1569 3499 1567 3499 1565 3499 1507 3514 1232 3514 1230 3514 1228 3514 1225 3514 1201 3528 1199 3528 1177 3528 1065 3528 1063 3528 1060 3528 1036 3535 1005 3542 965 3537 895 3528 893 3528 891 3528 848 3542 831 3547 819 3542 793 3533 790 3533 788 3533 786 3533 783 3533 764 3545 759 3547 743 3545 671 3537 669 3537 556 3552 561 3595 561 3621 652 3623 654 3623 657 3623 676 3616 709 3604 745 3614 759 3616 762 3616 764 3616 766 3616 769 3616 774 3612 793 3600 879 3607 888 3607 891 3607 893 3607 895 3607 958 3588 1065 3597 1068 3597 1070 3597 1072 3597 1125 3580 1287 3585 1290 3585 1629 3561 1646 3571 1660 3578 1662 3578 1665 3578 1667 3578 1670 3578 1682 3569 1698 3559 1758 3564 1846 3573 1849 3573 1921 3557 1928 3557 1944 3557 2126 3561 2128 3561 2131 3561 2162 3545 2164 3545 2181 3559 2183 3559 2186 3559 2188 3559 2410 3549 2511 3528 2511 3511 2506 3478 2112 3483 2109 3485"/></Shape>
	    <String CONTENT="corde esse exorta nempe namus edc per medium paietem de sursum de escendebat in"
                    HPOS="556"
                    VPOS="3478"
                    WIDTH="1955"
                    HEIGHT="145"
                    WC="0.9821674544599992"></String>
          </TextLine>

          
          
          <TextLine ID="eSc_line_4e62ac18"
                    TAGREFS="LT11324"
                    BASELINE="590 3643 1015 3604 1521 3580 1947 3583 2539 3564" 
                    HPOS="587"
                    VPOS="3514"
                    WIDTH="1952"
                    HEIGHT="152">
            <Shape><Polygon POINTS="1806 3547 1777 3552 1756 3549 1713 3542 1710 3542 1708 3542 1674 3552 1665 3554 1660 3554 1629 3545 1627 3545 1624 3545 1134 3561 1134 3564 1132 3564 1094 3564 1087 3566 1072 3566 1056 3566 1039 3569 1015 3569 991 3571 967 3573 943 3573 934 3573 881 3588 809 3580 800 3583 781 3583 764 3595 759 3595 702 3588 683 3588 587 3602 590 3643 590 3666 879 3655 881 3655 884 3655 950 3628 1036 3628 1060 3643 1063 3643 1065 3643 1072 3640 1091 3628 1156 3633 1158 3633 1161 3633 1192 3619 1335 3619 1354 3628 1376 3628 1378 3628 1455 3609 1646 3604 1677 3616 1686 3621 1689 3621 1691 3621 1694 3621 1696 3621 1703 3616 1729 3600 1780 3609 1782 3609 1863 3595 1918 3607 1952 3612 1954 3612 2002 3602 2028 3597 2045 3600 2083 3607 2085 3607 2539 3576 2539 3564 2535 3514 2210 3533 1966 3547 1904 3542 1854 3537 1851 3537"/></Shape>
	    <String CONTENT="parte sinitra, deinde trimorificia iol arteria veno sae tribus apperae ramis cornespondentia"
                    HPOS="587"
                    VPOS="3514"
                    WIDTH="1952"
                    HEIGHT="152"
                    WC="0.9597480695532716"></String>
          </TextLine>

          
          
          <TextLine ID="eSc_line_cd132bb1_b"
                    TAGREFS="LT11324"
                    BASELINE="559 3682 1182 3638 1581 3626 1990 3628 2401 3609 2558 3614" 
                    HPOS="557"
                    VPOS="3559"
                    WIDTH="2001"
                    HEIGHT="149">
            <Shape><Polygon POINTS="2472 3566 2449 3569 2425 3569 2401 3569 2377 3571 2353 3571 2329 3571 2305 3573 2281 3573 2279 3573 1918 3592 1901 3590 1880 3583 1878 3583 1875 3583 1873 3583 1849 3592 1830 3597 1808 3592 1753 3583 1732 3583 1713 3583 1694 3597 1617 3597 1581 3583 1579 3583 1576 3583 1435 3604 1192 3604 1189 3604 802 3638 726 3631 707 3633 704 3633 618 3650 616 3650 614 3650 563 3648 557 3708 888 3702 1101 3678 1146 3686 1163 3686 1187 3686 1201 3683 1273 3669 1304 3678 1306 3678 1330 3678 1354 3676 1378 3674 1388 3674 1488 3657 1545 3671 1569 3671 1593 3669 1600 3669 1715 3647 1835 3659 1870 3662 1873 3662 2021 3650 2353 3623 2554 3623 2558 3614 2551 3559 2520 3559 2520 3566 2496 3566"/></Shape>
	    <String CONTENT="fratantem dfe carnea moles utramque aupiculom conmmens et plane eiude cum illis sub"
                    HPOS="557"
                    VPOS="3559"
                    WIDTH="2001"
                    HEIGHT="149"
                    WC="0.9521916806697845"></String>
          </TextLine>

          
          
          <TextLine ID="eSc_line_50a0f1c5"
                    TAGREFS="LT11324"
                    BASELINE="602 3733 1008 3698 1426 3676 2066 3666 2468 3645" 
                    HPOS="599"
                    VPOS="3614"
                    WIDTH="1869"
                    HEIGHT="143">
            <Shape><Polygon POINTS="2102 3623 2078 3626 2054 3626 2030 3628 2007 3628 1983 3628 1959 3628 1935 3628 1911 3628 1899 3628 1338 3643 599 3693 602 3733 602 3757 872 3745 874 3745 876 3745 903 3729 934 3741 936 3741 939 3741 1046 3719 1089 3729 1091 3729 1094 3729 1228 3702 1385 3700 1431 3714 1433 3714 1435 3714 1438 3714 1524 3693 1565 3709 1567 3709 1569 3709 1572 3709 1648 3688 1758 3700 1780 3702 1782 3702 1784 3702 1796 3698 1854 3678 1956 3690 2016 3698 2018 3698 2102 3683 2133 3678 2148 3681 2186 3690 2188 3690 2191 3690 2253 3676 2255 3676 2279 3686 2281 3686 2284 3686 2286 3686 2288 3686 2303 3674 2310 3666 2465 3664 2468 3645 2463 3614 2138 3621 2126 3623"/></Shape>
	    <String CONTENT="stantiae et cum vena cava, erat anteu sinus in puncto e inter illop et dextram"
                    HPOS="599"
                    VPOS="3614"
                    WIDTH="1869"
                    HEIGHT="143"
                    WC="0.963130825605148"></String>
          </TextLine>

          
          
          <TextLine ID="eSc_line_b2caac53"
                    TAGREFS="LT11324"
                    BASELINE="571 3786 1125 3736 1591 3717 1854 3721 2539 3683" 
                    HPOS="566"
                    VPOS="3643"
                    WIDTH="1973"
                    HEIGHT="169">
            <Shape><Polygon POINTS="2329 3655 2007 3674 1983 3671 1964 3669 1949 3669 1925 3669 1901 3671 1878 3671 1870 3671 1799 3681 1741 3688 1722 3686 1667 3674 1662 3674 1639 3674 1627 3674 1581 3688 1476 3678 1474 3678 1471 3678 1433 3693 1395 3683 1392 3683 1390 3683 936 3721 898 3712 895 3712 893 3712 891 3712 888 3712 855 3731 852 3733 848 3731 829 3726 826 3726 824 3726 821 3726 790 3736 769 3743 637 3745 633 3743 599 3731 597 3731 594 3731 592 3731 566 3743 571 3786 571 3807 700 3793 738 3803 774 3812 776 3812 778 3812 781 3812 814 3798 852 3781 1122 3764 1192 3779 1216 3779 1240 3779 1240 3776 1244 3776 1278 3752 1400 3745 1536 3743 1579 3760 1591 3764 1593 3764 1596 3764 1598 3764 1615 3757 1684 3729 1768 3726 1868 3745 1887 3748 1889 3748 1966 3743 1968 3743 1978 3738 2035 3717 2107 3733 2116 3733 2119 3733 2539 3709 2539 3683 2532 3643 2331 3652 2331 3655"/></Shape>
	    <String CONTENT="faurem, quare alias dixeram sunstrou auniculim esse asi suplorem Infro autem istur"
                    HPOS="566"
                    VPOS="3643"
                    WIDTH="1973"
                    HEIGHT="169"
                    WC="0.9408691965225267"></String>
          </TextLine>

          
          
          <TextLine ID="eSc_line_91932952"
                    TAGREFS="LT11324"
                    BASELINE="580 3834 1168 3784 2573 3741" 
                    HPOS="578"
                    VPOS="3695"
                    WIDTH="1995"
                    HEIGHT="160">
            <Shape><Polygon POINTS="2033 3712 2016 3712 2009 3719 1997 3729 1870 3733 1854 3726 1839 3721 1818 3721 1794 3721 1770 3721 1746 3721 1722 3721 1698 3719 1641 3721 1639 3721 1603 3738 1598 3741 1593 3738 1579 3729 1576 3729 1574 3729 1572 3729 1569 3729 1521 3741 1486 3729 1483 3729 1481 3729 1213 3738 1068 3760 943 3752 934 3755 910 3757 900 3757 886 3772 884 3774 578 3784 578 3786 580 3834 580 3855 752 3850 755 3850 788 3836 857 3846 860 3846 862 3846 950 3822 1005 3841 1008 3841 1010 3841 1015 3841 1103 3819 1187 3834 1192 3834 1194 3834 1197 3834 1199 3834 1261 3810 1490 3812 1493 3812 1591 3798 1619 3810 1622 3810 1624 3810 1715 3793 1744 3807 1746 3807 1748 3807 1751 3807 1753 3807 1770 3795 1856 3807 1870 3807 1873 3807 1975 3803 1978 3803 1980 3803 2004 3784 2050 3798 2054 3800 2057 3800 2059 3800 2076 3798 2186 3774 2363 3779 2365 3779 2367 3779 2394 3767 2441 3784 2446 3784 2449 3784 2451 3784 2573 3776 2573 3741 2568 3695 2351 3714 2300 3707 2272 3702 2269 3702 2267 3702 2265 3702 2257 3707 2236 3719 2140 3714 2076 3709 2057 3712"/></Shape>
	    <String CONTENT="punctum e, ubi gna quasi vena cordis cutanea basi commuttitu est exiguum forim"
                    HPOS="578"
                    VPOS="3695"
                    WIDTH="1995"
                    HEIGHT="160"
                    WC="0.950002467020964"></String>
          </TextLine>

          
          
          <TextLine ID="eSc_line_9c18165f"
                    TAGREFS="LT11324"
                    BASELINE="2441 3817 2515 3827" 
                    HPOS="2437"
                    VPOS="3776"
                    WIDTH="81"
                    HEIGHT="72">
            <Shape><Polygon POINTS="2437 3846 2508 3848 2515 3827 2518 3784 2444 3776 2441 3817"/></Shape>
	    <String CONTENT="as"
                    HPOS="2437"
                    VPOS="3776"
                    WIDTH="81"
                    HEIGHT="72"
                    WC="0.9925296306610107"></String>
          </TextLine>

          
          
          <TextLine ID="eSc_line_d80e173a_b"
                    TAGREFS="LT11324"
                    BASELINE="552 3895 594 3886 790 3891" 
                    HPOS="545"
                    VPOS="3838"
                    WIDTH="245"
                    HEIGHT="97">
            <Shape><Polygon POINTS="731 3862 709 3862 707 3862 678 3838 676 3838 673 3838 630 3838 628 3838 626 3838 582 3860 571 3848 568 3848 566 3848 563 3848 545 3852 554 3905 574 3934 789 3935 790 3891 788 3886 764 3886 740 3884"/></Shape>
	    <String CONTENT="adu"
                    HPOS="545"
                    VPOS="3838"
                    WIDTH="245"
                    HEIGHT="97"
                    WC="0.9136442542076111"></String>
          </TextLine>

          
          
          <TextLine ID="eSc_line_b6a7a3a7"
                    TAGREFS="LT11324"
                    BASELINE="1347 3881 1990 3862 2317 3841" 
                    HPOS="1345"
                    VPOS="3805"
                    WIDTH="972"
                    HEIGHT="103">
            <Shape><Polygon POINTS="1347 3898 1514 3889 1529 3893 1557 3903 1560 3903 1562 3903 1565 3903 1603 3891 1624 3884 1634 3891 1653 3903 1655 3903 1658 3903 1660 3903 1753 3889 1856 3908 1858 3908 2100 3898 2102 3898 2104 3898 2104 3896 2128 3874 2164 3881 2167 3881 2169 3881 2188 3872 2205 3862 2222 3870 2265 3891 2267 3891 2269 3891 2272 3891 2317 3867 2317 3841 2310 3805 1345 3841 1347 3881"/></Shape>
	    <String CONTENT="spatii ileud adire quodo motentes et in cgl"
                    HPOS="1345"
                    VPOS="3805"
                    WIDTH="972"
                    HEIGHT="103"
                    WC="0.9115298168603764"></String>
          </TextLine>

          
          
          <TextLine ID="eSc_line_10e26de3_a"
                    TAGREFS="LT11324"
                    
                    HPOS="2606"
                    VPOS="3041"
                    WIDTH="1"
                    HEIGHT="16">
            <Shape><Polygon POINTS="2606 3041 2607 3057 2607 3041"/></Shape>
	    <String CONTENT=""
                    HPOS="2606"
                    VPOS="3041"
                    WIDTH="1"
                    HEIGHT="16"></String>
          </TextLine>

          
          
          <TextLine ID="eSc_line_41133b9e_a"
                    TAGREFS="LT11324"
                    BASELINE="2604 3129 2609 3129" 
                    HPOS="2601"
                    VPOS="3093"
                    WIDTH="9"
                    HEIGHT="72">
            <Shape><Polygon POINTS="2604 3165 2610 3164 2608 3093 2601 3093 2604 3129"/></Shape>
	    <String CONTENT=""
                    HPOS="2601"
                    VPOS="3093"
                    WIDTH="9"
                    HEIGHT="72"></String>
          </TextLine>

          
          
          <TextLine ID="eSc_line_fa5fcacd_a"
                    TAGREFS="LT11324"
                    
                    HPOS="2606"
                    VPOS="3350"
                    WIDTH="9"
                    HEIGHT="31">
            <Shape><Polygon POINTS="2606 3351 2608 3381 2615 3371 2614 3350"/></Shape>
	    <String CONTENT=""
                    HPOS="2606"
                    VPOS="3350"
                    WIDTH="9"
                    HEIGHT="31"></String>
          </TextLine>

          
        </TextBlock>
        
        <TextBlock HPOS="2600"
                   VPOS="249"
                   WIDTH="2317"
                   HEIGHT="3573"
                   ID="r9"
                   TAGREFS="BT27325">
          <Shape><Polygon POINTS="2609 3151 2626 3334 2600 3400 2606 3545 2619 3822 3838 3751 4819 3609 4806 2998 4754 2946 4687 2852 4766 2465 4806 2184 4787 2085 4886 2071 4917 2043 4894 1998 4782 1983 4773 1703 4717 1642 4727 806 4685 724 4676 631 4781 356 4778 249 2613 273"/></Shape>
          
          
          <TextLine ID="eSc_line_7a53d97b"
                    TAGREFS="LT11324"
                    BASELINE="3118 310 3359 296 4100 291" 
                    HPOS="3118"
                    VPOS="257"
                    WIDTH="982"
                    HEIGHT="84">
            <Shape><Polygon POINTS="3139 269 3130 272 3118 310 3118 341 3342 320 3397 336 3400 336 3402 336 3474 320 3497 332 3500 332 3502 332 3677 315 3803 329 3806 329 3808 329 3810 329 3810 327 3830 312 3880 312 3899 329 3899 332 3901 332 3904 332 3906 332 3908 332 3968 312 4095 329 4100 291 4095 257 3151 267"/></Shape>
	    <String CONTENT="Anctemiea quaedam ex Mso Cartesi"
                    HPOS="3118"
                    VPOS="257"
                    WIDTH="982"
                    HEIGHT="84"
                    WC="0.9931581635028124"></String>
          </TextLine>

          
          
          <TextLine ID="eSc_line_215f7b86"
                    TAGREFS="LT11324"
                    BASELINE="2659 365 3177 365 4405 332" 
                    HPOS="2656"
                    VPOS="272"
                    WIDTH="1749"
                    HEIGHT="138">
            <Shape><Polygon POINTS="3830 293 3801 312 3598 303 3595 303 3593 303 3560 322 3168 332 3110 332 3067 308 3058 303 3055 303 3053 303 2666 312 2656 322 2659 365 2659 406 2764 391 2826 391 2848 403 2857 410 2860 410 2862 410 2864 410 3106 403 3108 403 3132 398 3189 382 3223 396 3237 401 3239 401 3242 401 3457 396 3459 396 3462 396 3469 391 3488 377 3591 372 3636 387 3641 389 3643 389 3646 389 3670 387 3767 375 3782 384 3782 387 3784 387 3787 387 3789 387 3791 387 3794 387 3796 384 3815 367 3844 384 3851 387 3853 387 3856 387 3858 387 3873 384 3923 367 3942 382 3944 384 3947 384 3949 384 3951 387 4002 387 4002 384 4004 384 4006 384 4011 379 4035 365 4183 377 4198 377 4200 377 4202 377 4205 377 4205 375 4224 358 4312 375 4319 375 4322 375 4324 375 4327 375 4365 358 4401 372 4405 332 4401 286 4310 272 4307 272 4241 281 4238 281 4236 281 4229 289 4205 305 4133 289 4123 289 4121 289 4119 289 4116 289 4116 291 4097 308 3971 296 3968 296 3966 296 3906 310 3868 293 3851 293"/></Shape>
	    <String CONTENT="In corde vitatuo a me dissecto haec obserravi  paries medius inter in"
                    HPOS="2656"
                    VPOS="272"
                    WIDTH="1749"
                    HEIGHT="138"
                    WC="0.9497114756832952"></String>
          </TextLine>

          
          
          <TextLine ID="eSc_line_518f7a35"
                    TAGREFS="LT11324"
                    BASELINE="4520 332 4766 322" 
                    HPOS="4515"
                    VPOS="262"
                    WIDTH="251"
                    HEIGHT="103">
            <Shape><Polygon POINTS="4740 262 4515 262 4520 332 4520 365 4766 353 4766 322 4761 284 4757 274"/></Shape>
	    <String CONTENT="rentriculum"
                    HPOS="4515"
                    VPOS="262"
                    WIDTH="251"
                    HEIGHT="103"
                    WC="0.9858296350999312"></String>
          </TextLine>

          
          
          <TextLine ID="eSc_line_37ffbb0a"
                    TAGREFS="LT11324"
                    BASELINE="2640 434 4680 382" 
                    HPOS="2637"
                    VPOS="334"
                    WIDTH="2043"
                    HEIGHT="146">
            <Shape><Polygon POINTS="2640 480 2735 458 2781 468 2783 468 2946 456 2986 468 2989 468 2991 468 2993 468 2996 468 3015 456 3058 468 3070 470 3072 470 3075 470 3077 470 3087 465 3132 449 3177 463 3189 468 3192 468 3194 468 3225 463 3316 444 3356 458 3371 463 3373 463 3376 463 3411 456 3462 446 3517 453 3560 458 3562 458 3564 458 3579 451 3605 437 3636 449 3653 456 3655 456 3658 456 3832 451 3834 451 3842 451 3844 451 3882 441 3942 425 4076 425 4114 434 4143 441 4145 441 4147 441 4150 441 4181 432 4221 420 4274 430 4284 430 4286 430 4288 430 4293 430 4334 418 4360 427 4391 437 4393 437 4396 437 4508 430 4511 430 4530 420 4549 413 4675 415 4680 382 4675 348 4613 334 4611 334 4609 334 4565 348 4496 336 4494 336 4401 353 4393 353 4370 353 4123 346 4121 346 4026 360 4004 365 3801 367 3794 365 3770 355 3767 355 3765 355 3763 355 3760 355 3748 365 3744 367 3708 367 3567 360 3564 360 3500 370 3457 379 3323 379 3311 375 3297 367 3294 367 3292 367 3130 372 3127 372 3115 379 3096 389 2637 389 2640 434"/></Shape>
	    <String CONTENT="positus erut omniuum Densi qunus pari e si r lateris erat densior quam sinistri, ideo"
                    HPOS="2637"
                    VPOS="334"
                    WIDTH="2043"
                    HEIGHT="146"
                    WC="0.8545444879461738"></String>
          </TextLine>

          
          
          <TextLine ID="eSc_line_d779a59d"
                    TAGREFS="LT11324"
                    BASELINE="2625 492 3701 461" 
                    HPOS="2623"
                    VPOS="418"
                    WIDTH="1078"
                    HEIGHT="109">
            <Shape><Polygon POINTS="2625 525 2793 511 2826 518 2862 527 2864 527 2867 527 2869 527 2871 527 2871 525 2883 516 2888 508 2903 516 2914 520 2917 520 2919 520 2922 520 2938 513 2957 506 2981 511 3029 523 3032 523 3034 523 3036 523 3036 520 3048 508 3055 504 3067 508 3098 518 3101 518 3103 518 3106 518 3108 518 3108 516 3118 506 3122 501 3130 506 3149 516 3151 516 3153 516 3223 504 3266 516 3268 516 3270 516 3354 496 3368 494 3380 496 3447 511 3450 511 3452 511 3454 511 3478 494 3493 506 3493 508 3495 508 3497 508 3500 508 3617 506 3619 506 3701 482 3701 461 3696 430 3607 418 3605 418 3545 432 3526 434 3490 432 3366 422 3364 422 3361 422 3337 434 3335 437 3335 434 3323 425 3321 425 3318 425 3316 425 3244 437 3199 444 3168 437 3130 430 3127 430 3125 430 3096 439 3077 446 3058 439 3041 434 3039 434 3036 434 3034 434 3032 434 3027 441 3015 449 2960 441 2917 437 2914 437 2912 437 2898 441 2879 451 2819 444 2790 441 2788 441 2785 441 2783 441 2778 444 2762 456 2730 446 2716 441 2714 441 2711 441 2709 441 2697 446 2673 456 2623 449 2625 492"/></Shape>
	    <String CONTENT="ut hi tres se proportione quadam sequerentur"
                    HPOS="2623"
                    VPOS="418"
                    WIDTH="1078"
                    HEIGHT="109"
                    WC="0.9805207320234992"></String>
          </TextLine>

          
          
          <TextLine ID="eSc_line_e9e37d30"
                    TAGREFS="LT11324"
                    BASELINE="3818 456 4599 439" 
                    HPOS="3815"
                    VPOS="394"
                    WIDTH="784"
                    HEIGHT="86">
            <Shape><Polygon POINTS="3818 480 4374 480 4374 477 4377 477 4439 458 4439 456 4484 456 4522 456 4539 468 4542 468 4544 468 4546 468 4549 468 4599 451 4599 439 4592 394 4477 413 4403 413 4391 401 4391 398 4389 398 4386 398 4384 398 4374 398 4257 415 4174 406 4171 406 4066 418 4054 408 4049 403 4047 403 4045 403 4042 403 4040 403 4023 408 3990 420 3961 410 3947 406 3944 406 3942 406 3908 413 3853 422 3815 415 3818 456"/></Shape>
	    <String CONTENT="Ex inferiore parte ugius cujoque seuue"
                    HPOS="3815"
                    VPOS="394"
                    WIDTH="784"
                    HEIGHT="86"
                    WC="0.9480040167507372"></String>
          </TextLine>

          
          
          <TextLine ID="eSc_line_0430aaf7"
                    TAGREFS="LT11324"
                    BASELINE="2623 544 4169 504 4630 506" 
                    HPOS="2621"
                    VPOS="458"
                    WIDTH="2009"
                    HEIGHT="120">
            <Shape><Polygon POINTS="3020 482 2981 496 2969 504 2621 504 2623 544 2623 578 2726 563 2807 575 2809 575 2977 559 3122 568 3125 568 3127 568 3168 554 3423 561 3426 561 3428 561 3431 561 3433 561 3457 547 3526 559 3529 559 3631 542 3727 554 3729 554 3732 554 3770 537 3947 535 4628 535 4630 506 4628 465 4071 458 4069 458 4066 458 4028 477 4026 477 4018 477 3930 461 3928 461 3839 480 3825 482 3813 480 3729 465 3727 465 3724 465 3667 484 3662 484 3660 484 3631 470 3629 470 3626 470 3624 470 3586 484 3579 487 3567 484 3486 473 3483 473 3481 473 3435 489 3423 492 3414 489 3371 475 3368 475 3366 475 3292 492 3278 494 3266 492 3232 482 3230 482 3227 482 3170 494 3156 496 3153 494 3134 480 3132 480 3130 480 3127 480 3125 480 3122 480 3106 494 3101 499 3084 496 3024 482 3022 482"/></Shape>
	    <String CONTENT="eratt unum vas, cujus trunicae substantia non multum ab ipsius cordis substantia"
                    HPOS="2621"
                    VPOS="458"
                    WIDTH="2009"
                    HEIGHT="120"
                    WC="0.9808618150651455"></String>
          </TextLine>

          
          
          <TextLine ID="eSc_line_61e5739a"
                    TAGREFS="LT11324"
                    BASELINE="2659 587 4092 554 4663 549" 
                    HPOS="2656"
                    VPOS="513"
                    WIDTH="2007"
                    HEIGHT="115">
            <Shape><Polygon POINTS="2659 628 2754 625 2757 625 2759 625 2783 609 2860 623 2862 623 2946 606 3017 618 3020 618 3182 604 3323 613 3325 613 3328 613 3359 597 3543 609 3545 609 3782 585 3944 585 3966 599 3968 599 3971 599 3973 599 4126 578 4269 578 4317 592 4319 592 4322 592 4324 592 4327 592 4348 575 4415 590 4417 590 4508 573 4661 585 4663 549 4656 513 2656 544 2659 587"/></Shape>
	    <String CONTENT="differre videbatur, nec mulbum ab invicem, tunicae aderant satis tenues haec vasa credidiesse"
                    HPOS="2656"
                    VPOS="513"
                    WIDTH="2007"
                    HEIGHT="115"
                    WC="0.9880887013609692"></String>
          </TextLine>

          
          
          <TextLine ID="eSc_line_7a738f40"
                    TAGREFS="LT11324"
                    BASELINE="2654 642 3741 611 4604 602" 
                    HPOS="2652"
                    VPOS="554"
                    WIDTH="1952"
                    HEIGHT="112">
            <Shape><Polygon POINTS="2654 666 3199 666 3199 664 3201 664 3204 664 3223 652 3227 649 3266 652 3416 659 3419 659 3421 659 3423 659 3440 647 3445 642 3531 642 3552 645 3634 654 3636 654 3729 640 3751 637 3765 640 3842 649 3844 649 3846 649 3849 649 3868 637 3873 633 3971 633 4052 633 4511 635 4513 635 4601 618 4604 602 4597 554 2652 602 2654 642"/></Shape>
	    <String CONTENT="in sinistro arteriam venosam in dextro venam cavam, neque unum altero majus videbatur,"
                    HPOS="2652"
                    VPOS="554"
                    WIDTH="1952"
                    HEIGHT="112"
                    WC="0.9783492906149044"></String>
          </TextLine>

          
          
          <TextLine ID="eSc_line_21464716"
                    TAGREFS="LT11324"
                    BASELINE="2623 699 4040 659 4640 654" 
                    HPOS="2621"
                    VPOS="609"
                    WIDTH="2019"
                    HEIGHT="124">
            <Shape><Polygon POINTS="4140 609 4138 609 4102 621 4088 625 4040 623 3928 613 3925 613 3863 625 3844 628 3784 625 3677 623 3674 623 3672 623 3655 628 3631 637 3610 630 3591 623 3588 623 3586 623 3438 628 3414 633 3361 645 3079 637 3003 637 3000 637 2986 640 2926 654 2903 642 2903 640 2900 640 2898 640 2895 640 2871 642 2707 661 2621 647 2623 699 2623 733 2984 733 2984 731 3036 723 3101 711 3139 721 3158 723 3161 723 3454 719 3486 711 3533 699 3744 695 3784 707 3799 709 3801 709 3803 709 3806 709 3815 704 3842 690 3932 690 4138 697 4209 699 4212 699 4236 695 4307 680 4398 692 4413 692 4415 692 4425 690 4496 676 4635 685 4640 654 4632 613 4174 621 4171 621 4145 609 4143 609"/></Shape>
	    <String CONTENT="nec satis distincte llorum valvalas agnoscebam tam en erant llorum vestigia, membrana enim"
                    HPOS="2621"
                    VPOS="609"
                    WIDTH="2019"
                    HEIGHT="124"
                    WC="0.9722813758585188"></String>
          </TextLine>

          
          
          <TextLine ID="eSc_line_cda3551d"
                    TAGREFS="LT11324"
                    BASELINE="2633 757 4573 699" 
                    HPOS="2630"
                    VPOS="656"
                    WIDTH="1943"
                    HEIGHT="134">
            <Shape><Polygon POINTS="4491 656 4489 656 4472 668 4350 661 4348 661 4002 683 3925 673 3923 673 3806 688 3698 680 3696 680 3693 680 3670 692 3600 683 3598 683 3435 699 3278 692 3275 692 3192 707 3132 697 3130 697 3127 697 3125 697 3108 711 2709 721 2656 711 2654 711 2652 711 2630 721 2633 757 2633 781 2783 790 2785 790 2867 776 2883 774 2895 776 2934 785 2936 785 2938 785 3084 771 3134 766 3151 769 3194 778 3196 778 3354 764 3443 757 3538 759 3679 764 3681 764 3911 757 3913 757 3928 750 3942 742 4014 747 4071 752 4073 752 4121 745 4186 735 4212 742 4226 747 4229 747 4231 747 4296 740 4417 728 4570 733 4573 699 4568 668 4496 656 4494 656"/></Shape>
	    <String CONTENT="sinus cordis obducens in vasium ingressu desinebat in fibras, versus cuspidem parietibus"
                    HPOS="2630"
                    VPOS="656"
                    WIDTH="1943"
                    HEIGHT="134"
                    WC="0.9896002974022519"></String>
          </TextLine>

          
          
          <TextLine ID="eSc_line_34f7b0a8"
                    TAGREFS="LT11324"
                    BASELINE="2621 807 4575 762" 
                    HPOS="2618"
                    VPOS="716"
                    WIDTH="1957"
                    HEIGHT="129">
            <Shape><Polygon POINTS="2621 828 2702 845 2704 845 2819 826 2838 824 2852 826 2924 840 2926 840 3022 838 3024 838 3070 821 3079 819 3158 819 3163 821 3184 833 3187 833 3189 833 3192 833 3254 819 3266 817 3280 819 3345 828 3347 828 3349 828 3352 828 3366 817 3368 814 3380 817 3426 828 3428 828 3431 828 3500 814 3517 812 3538 814 3622 824 3624 824 3626 824 3629 824 3641 812 3653 802 3681 812 3684 812 3686 812 3689 812 3705 812 3820 800 3861 809 3901 817 3904 817 3906 817 3908 817 3918 807 3928 802 4016 805 4159 812 4162 812 4164 812 4193 802 4231 790 4276 802 4286 802 4288 802 4298 800 4370 785 4573 795 4575 762 4568 716 4401 731 4331 721 4322 721 4319 721 4317 721 4310 721 4255 735 4178 726 4155 723 4152 723 4100 728 3947 742 3679 740 3540 738 3538 738 3536 738 3514 742 3478 752 3431 745 3402 742 3400 742 3373 747 3328 757 3220 752 3137 747 3134 747 3082 754 3053 759 3043 757 3029 750 3027 750 3024 750 3022 750 3020 750 3010 757 3000 764 2979 757 2967 754 2965 754 2962 754 2905 759 2840 766 2833 762 2824 754 2821 754 2819 754 2817 754 2814 754 2812 754 2800 762 2785 769 2618 769 2621 807"/></Shape>
	    <String CONTENT="adhaerentes, haeque fibrae tenacius adhaerebant, in siristri sinus duobus locis, et dextri tribus"
                    HPOS="2618"
                    VPOS="716"
                    WIDTH="1957"
                    HEIGHT="129"
                    WC="0.9550246774535818"></String>
          </TextLine>

          
          
          <TextLine ID="eSc_line_efecad99"
                    TAGREFS="LT11324"
                    BASELINE="2652 871 3744 831 4704 812" 
                    HPOS="2649"
                    VPOS="757"
                    WIDTH="2055"
                    HEIGHT="150">
            <Shape><Polygon POINTS="4587 757 4585 757 4582 757 4534 776 4532 776 4530 776 4506 764 4503 764 4501 764 4420 778 4405 781 4401 778 4372 766 4367 766 4343 769 4341 769 4291 783 4288 783 4286 783 4248 771 4226 771 4183 785 4176 788 4143 788 3939 781 3937 781 3935 781 3904 795 3899 795 3779 781 3777 781 3660 802 3658 802 3653 802 3378 795 3376 795 3373 795 3342 812 3270 800 3268 800 3192 817 3168 802 3165 802 3163 802 3161 802 3158 802 3156 802 3132 819 3084 807 3082 807 3079 807 3077 807 3020 821 2979 805 2977 805 2974 805 2972 805 2914 824 2783 812 2781 812 2778 812 2747 828 2687 821 2685 821 2683 821 2649 833 2652 871 2654 907 2776 905 2778 905 2781 905 2800 891 2826 903 2828 903 2831 903 2833 903 2836 903 2838 903 2898 883 2984 898 2996 898 2998 898 3000 898 3008 895 3060 881 3089 893 3094 895 3096 895 3098 895 3101 895 3113 893 3144 883 3187 891 3211 893 3213 893 3278 886 3457 867 3524 879 3533 879 3536 879 3538 879 3540 879 3540 876 3562 862 3660 862 3679 871 3689 879 3691 879 3693 879 3696 879 3765 869 3839 860 3875 867 3908 871 3911 871 3913 871 3942 864 3985 852 4042 860 4097 867 4100 867 4252 862 4255 862 4257 862 4269 852 4281 843 4305 850 4331 860 4334 860 4336 860 4339 860 4341 860 4355 850 4365 843 4405 848 4477 855 4479 855 4561 843 4618 833 4702 836 4704 812 4699 774 4692 769"/></Shape>
	    <String CONTENT="ut quod per illa vasa ingrederetur in cor, iam facile regredi non posset. Notavi praeterea"
                    HPOS="2649"
                    VPOS="757"
                    WIDTH="2055"
                    HEIGHT="150"
                    WC="0.9693560692999098"></String>
          </TextLine>

          
          
          <TextLine ID="eSc_line_ca2f4f27"
                    TAGREFS="LT11324"
                    BASELINE="2623 934 3813 888 4711 869" 
                    HPOS="2621"
                    VPOS="817"
                    WIDTH="2090"
                    HEIGHT="155">
            <Shape><Polygon POINTS="2623 972 2740 960 2910 965 2919 965 2922 965 2924 965 2986 946 3063 960 3067 960 3070 960 3072 960 3075 960 3146 938 3400 948 3409 948 3411 948 3478 946 3481 946 3521 924 3842 919 3868 931 3870 931 3873 931 3875 931 3877 931 3899 914 3963 926 3966 926 3968 926 3971 926 3994 912 4128 924 4145 924 4147 924 4171 922 4339 900 4396 914 4398 914 4401 914 4403 914 4405 914 4410 914 4460 900 4501 910 4508 912 4511 912 4513 912 4539 910 4659 893 4709 903 4711 869 4709 833 4659 817 4656 817 4654 817 4499 838 4482 838 4470 838 4360 826 4358 826 4355 826 4353 826 4334 840 4329 845 4083 850 4073 845 4049 836 4047 836 4045 836 4042 836 4040 836 4026 848 4018 852 3863 850 3756 850 3753 850 3751 850 3739 852 3715 862 3696 855 3674 845 3672 845 3670 845 3588 848 3536 857 3509 862 3404 860 3313 860 3311 860 3309 860 3306 860 3302 862 3278 879 3213 879 3158 867 3146 864 3144 864 3113 867 3003 879 2938 871 2919 869 2917 869 2914 869 2912 869 2910 871 2888 891 2738 893 2702 876 2699 876 2697 876 2621 876 2623 934"/></Shape>
	    <String CONTENT="haec duo vasa in cardis ingressu tibi invicem esse communia nec separari nisimembrans tennissima"
                    HPOS="2621"
                    VPOS="817"
                    WIDTH="2090"
                    HEIGHT="155"
                    WC="0.953571238865455"></String>
          </TextLine>

          
          
          <TextLine ID="eSc_line_d8e661eb"
                    TAGREFS="LT11324"
                    BASELINE="2640 991 3913 936 4680 924" 
                    HPOS="2637"
                    VPOS="879"
                    WIDTH="2043"
                    HEIGHT="145">
            <Shape><Polygon POINTS="2640 1024 2769 1012 2965 1015 3022 1015 3024 1015 3027 1015 3029 1015 3032 1012 3051 1000 3084 1010 3094 1012 3096 1012 3098 1012 3101 1012 3115 1010 3180 991 3323 1000 3368 1003 3371 1003 3507 998 3509 998 3526 993 3574 974 4002 965 4040 972 4064 977 4066 977 4112 969 4195 953 4346 950 4393 957 4436 965 4439 965 4527 960 4530 960 4549 953 4575 941 4675 946 4680 924 4673 879 3815 912 3784 912 3641 907 3638 907 3411 926 3368 929 3333 929 3108 926 3106 926 3103 926 3101 926 3087 938 3084 938 3075 938 2867 936 2864 936 2637 955 2640 991"/></Shape>
	    <String CONTENT="et laxissima, quae utrinque flecti poterat, erat autem in infima parte adhuc aperta (vel"
                    HPOS="2637"
                    VPOS="879"
                    WIDTH="2043"
                    HEIGHT="145"
                    WC="0.9637546160004355"></String>
          </TextLine>

          
          
          <TextLine ID="eSc_line_656fad26"
                    TAGREFS="LT11324"
                    BASELINE="2649 1053 3799 993 4599 977" 
                    HPOS="2644"
                    VPOS="926"
                    WIDTH="1955"
                    HEIGHT="163">
            <Shape><Polygon POINTS="2649 1089 2917 1079 2919 1079 2924 1079 2998 1060 3141 1070 3161 1070 3163 1070 3165 1070 3170 1067 3211 1051 3247 1065 3249 1065 3251 1065 3371 1060 3378 1060 3471 1039 3536 1053 3540 1053 3543 1053 3545 1053 3548 1053 3581 1032 3906 1020 4104 1029 4121 1029 4123 1029 4126 1029 4128 1029 4152 1008 4248 1005 4377 1017 4379 1017 4382 1017 4389 1017 4537 1000 4597 1008 4599 977 4589 926 2644 1005 2649 1053"/></Shape>
	    <String CONTENT="fat a forte a me imprudenter, rupta, et vivebatur ex illa parte quae aperta erat ? vena"
                    HPOS="2644"
                    VPOS="926"
                    WIDTH="1955"
                    HEIGHT="163"
                    WC="0.9549769286451668"></String>
          </TextLine>

          
          
          <TextLine ID="eSc_line_a34efcae"
                    TAGREFS="LT11324"
                    BASELINE="2649 1108 4245 1032 4630 1032" 
                    HPOS="2647"
                    VPOS="986"
                    WIDTH="1983"
                    HEIGHT="155">
            <Shape><Polygon POINTS="2649 1141 3020 1110 3146 1120 3173 1122 3175 1122 3220 1118 3440 1091 3483 1106 3486 1106 3488 1106 3493 1106 3598 1084 3641 1098 3646 1101 3648 1101 3650 1101 3665 1098 3758 1077 3837 1089 3839 1089 3939 1070 4009 1084 4018 1084 4021 1084 4045 1082 4236 1055 4307 1070 4310 1070 4312 1070 4315 1070 4398 1051 4429 1063 4432 1063 4434 1063 4628 1055 4630 1032 4625 986 4069 993 4066 993 4009 1012 3911 1000 3908 1000 3906 1000 3865 1017 3827 1005 3825 1005 3822 1005 3820 1005 3744 1024 3720 1010 3717 1010 3715 1010 3713 1010 3593 1015 3591 1015 3538 1034 3438 1022 3435 1022 3433 1022 3371 1043 2974 1043 2972 1043 2969 1043 2903 1063 2828 1051 2826 1051 2647 1075 2649 1108"/></Shape>
	    <String CONTENT="cava in arteriam venosam humvo delabi posse, non contra. Si autem superior pars istiu"
                    HPOS="2647"
                    VPOS="986"
                    WIDTH="1983"
                    HEIGHT="155"
                    WC="0.9724803265403299"></String>
          </TextLine>

          
          
          <TextLine ID="eSc_line_fa57ae1a"
                    TAGREFS="LT11324"
                    BASELINE="2649 1163 2936 1137 4267 1079 4640 1091" 
                    HPOS="2647"
                    VPOS="1034"
                    WIDTH="1993"
                    HEIGHT="150">
            <Shape><Polygon POINTS="4410 1034 4315 1053 4310 1053 4307 1053 4274 1039 4272 1039 4269 1039 3839 1070 3791 1058 3789 1058 3787 1058 3667 1077 3636 1065 3634 1065 3631 1065 3526 1082 3431 1072 3428 1072 3426 1072 3371 1089 3364 1094 3249 1094 3204 1082 3194 1084 3182 1084 3108 1101 3101 1101 3096 1101 3027 1089 3027 1091 3003 1091 2979 1094 2893 1108 2879 1113 2647 1118 2649 1163 2649 1184 3072 1153 3165 1165 3175 1165 3177 1165 3180 1165 3182 1165 3204 1149 3225 1161 3227 1161 3230 1161 3330 1144 3466 1153 3483 1153 3486 1153 3488 1153 3493 1151 3550 1134 3739 1141 3744 1141 3746 1141 3748 1141 3808 1125 3842 1139 3844 1139 3846 1139 3849 1139 3887 1137 4174 1110 4255 1122 4264 1122 4267 1122 4269 1122 4274 1122 4329 1103 4635 1106 4640 1091 4635 1041 4444 1048 4441 1048 4415 1034 4413 1034"/></Shape>
	    <String CONTENT="embranae rupta fuipset, tunc potuisset humor ex arteria in venam effluere non contr"
                    HPOS="2647"
                    VPOS="1034"
                    WIDTH="1993"
                    HEIGHT="150"
                    WC="0.9639835504882307"></String>
          </TextLine>

          
          
          <TextLine ID="eSc_line_ca378313"
                    TAGREFS="LT11324"
                    BASELINE="2625 1208 3794 1153 4630 1134" 
                    HPOS="2623"
                    VPOS="1086"
                    WIDTH="2007"
                    HEIGHT="161">
            <Shape><Polygon POINTS="2625 1232 2661 1247 2664 1247 2666 1247 2668 1247 2709 1232 2738 1239 2740 1239 2742 1239 2745 1239 2747 1239 2762 1227 2766 1223 2783 1225 2840 1239 2843 1239 3053 1232 3153 1211 3180 1204 3364 1199 3385 1201 3483 1215 3486 1215 3488 1215 3540 1194 3550 1192 3562 1194 3619 1204 3622 1204 3624 1204 3655 1189 3658 1189 3686 1199 3689 1199 3691 1199 3892 1180 3923 1177 3932 1177 4014 1194 4016 1194 4018 1194 4061 1172 4064 1172 4159 1189 4162 1189 4164 1189 4224 1165 4226 1165 4279 1184 4281 1184 4284 1184 4286 1184 4334 1168 4358 1180 4360 1180 4362 1180 4530 1175 4597 1170 4599 1170 4601 1170 4630 1151 4630 1134 4625 1096 4391 1086 4389 1086 4272 1108 4262 1108 4245 1108 4021 1101 4018 1101 3928 1120 3920 1120 3904 1120 3658 1115 3655 1115 3550 1134 3524 1137 3478 1137 3309 1129 3306 1129 3149 1149 3113 1151 3101 1149 3070 1141 3067 1141 3065 1141 3063 1141 3041 1151 3032 1156 3020 1153 2981 1141 2979 1141 2977 1141 2869 1146 2867 1146 2864 1146 2850 1158 2843 1165 2623 1165 2625 1208"/></Shape>
	    <String CONTENT="utrinque autem supex ista duo vasa erant productiones laxae et cavernosae sursum flexae, quas"
                    HPOS="2623"
                    VPOS="1086"
                    WIDTH="2007"
                    HEIGHT="161"
                    WC="0.9778965730820933"></String>
          </TextLine>

          
          
          <TextLine ID="eSc_line_a9269bf8"
                    TAGREFS="LT11324"
                    BASELINE="2623 1261 3693 1213 4652 1194" 
                    HPOS="2621"
                    VPOS="1146"
                    WIDTH="2031"
                    HEIGHT="146">
            <Shape><Polygon POINTS="2623 1292 2991 1280 2993 1280 3051 1258 3153 1258 3196 1273 3199 1273 3201 1273 3204 1273 3335 1251 3450 1263 3471 1266 3474 1266 3490 1263 3564 1247 3689 1256 3713 1256 3715 1256 3717 1256 3722 1254 3760 1235 3928 1232 3959 1244 3963 1247 3966 1247 3968 1247 3990 1244 4083 1227 4100 1239 4104 1244 4107 1244 4109 1244 4112 1244 4353 1232 4355 1232 4365 1230 4410 1215 4472 1225 4503 1230 4506 1230 4508 1230 4527 1223 4568 1211 4647 1218 4652 1194 4644 1153 4482 1161 4475 1158 4453 1146 4451 1146 4448 1146 4446 1146 4393 1161 4370 1168 4286 1168 4274 1163 4248 1153 4245 1153 4243 1153 4241 1153 4190 1165 4162 1175 3939 1180 3918 1175 3887 1165 3885 1165 3882 1165 3818 1168 3815 1168 3813 1168 3803 1177 3796 1182 3782 1180 3741 1170 3739 1170 3648 1182 3598 1189 3572 1184 3529 1177 3526 1177 3400 1189 3356 1194 3333 1192 3268 1187 3266 1187 3263 1187 3261 1187 3251 1194 3239 1204 3206 1196 3173 1189 3170 1189 3168 1189 3134 1199 3098 1211 2621 1213 2623 1261"/></Shape>
	    <String CONTENT="amiculaes vocant, non dissimilis substantiae ac ipsa vasa ut ibi esent tantum quasi sinus"
                    HPOS="2621"
                    VPOS="1146"
                    WIDTH="2031"
                    HEIGHT="146"
                    WC="0.9767441883515776"></String>
          </TextLine>

          
          
          <TextLine ID="eSc_line_e03dfda3"
                    TAGREFS="LT11324"
                    BASELINE="2630 1316 3421 1270 4666 1237" 
                    HPOS="2628"
                    VPOS="1199"
                    WIDTH="2038"
                    HEIGHT="143">
            <Shape><Polygon POINTS="4465 1199 4441 1199 4417 1199 4393 1199 4374 1208 4360 1215 4171 1220 4135 1218 4049 1211 4047 1211 3978 1225 3956 1227 3930 1225 3839 1218 3837 1218 3701 1235 3674 1237 3622 1237 3304 1237 3302 1237 3149 1256 3141 1256 3113 1244 3110 1244 3108 1244 3106 1244 3077 1258 3075 1261 2628 1275 2630 1316 2633 1342 2697 1321 2950 1330 2960 1330 2962 1330 2969 1330 3113 1306 3149 1321 3151 1321 3153 1321 3156 1321 3204 1304 3263 1318 3266 1318 3268 1318 3270 1318 3273 1318 3294 1301 3433 1294 3483 1311 3486 1311 3488 1311 3490 1311 3493 1311 3497 1311 3574 1287 3658 1287 3684 1301 3686 1301 3689 1301 3691 1301 3693 1301 3734 1285 3935 1294 3961 1294 3963 1294 3966 1294 3973 1292 4040 1273 4100 1285 4102 1285 4200 1268 4229 1282 4233 1285 4236 1285 4238 1285 4255 1282 4319 1268 4666 1268 4666 1237 4661 1199 4513 1199 4489 1199"/></Shape>
	    <String CONTENT="in cavisu humor, qui in cor ingridi non poterat, congerebatur, notant eviam anatornici illas"
                    HPOS="2628"
                    VPOS="1199"
                    WIDTH="2038"
                    HEIGHT="143"
                    WC="0.9697803829027258"></String>
          </TextLine>

          
          
          <TextLine ID="eSc_line_7a863bd5"
                    TAGREFS="LT11324"
                    BASELINE="2621 1368 3548 1318 4606 1290" 
                    HPOS="2618"
                    VPOS="1251"
                    WIDTH="1988"
                    HEIGHT="141">
            <Shape><Polygon POINTS="4198 1251 4078 1270 4069 1273 4037 1273 3579 1275 3576 1275 3517 1292 3512 1292 3509 1292 3464 1280 3462 1280 3459 1280 3278 1301 3266 1301 3263 1301 3218 1290 3216 1290 3213 1290 3211 1290 3149 1304 3096 1294 3094 1294 3012 1311 3010 1311 3008 1311 2972 1299 2969 1299 2967 1299 2618 1325 2621 1368 2621 1387 2802 1392 2805 1392 2807 1392 2845 1380 2864 1373 2879 1378 2898 1385 2900 1385 2903 1385 2905 1385 2907 1385 2919 1376 2931 1371 2941 1376 2955 1383 2957 1383 2960 1383 2962 1383 2991 1373 3010 1368 3132 1368 3280 1368 3282 1368 3390 1359 3481 1349 3500 1354 3538 1364 3540 1364 3543 1364 3545 1364 3593 1349 3615 1344 3660 1347 3722 1352 3724 1352 3837 1340 3913 1333 3949 1335 4030 1344 4033 1344 4035 1344 4078 1330 4097 1325 4112 1330 4150 1340 4152 1340 4155 1340 4267 1323 4286 1321 4291 1323 4303 1333 4305 1333 4307 1333 4310 1333 4386 1318 4393 1318 4401 1318 4525 1325 4527 1325 4604 1309 4606 1290 4599 1251 4233 1263 4202 1251 4200 1251"/></Shape>
	    <String CONTENT="contrarium hhabere motum motui cordis), nec inter utramque aliam differentam notavi"
                    HPOS="2618"
                    VPOS="1251"
                    WIDTH="1988"
                    HEIGHT="141"
                    WC="0.9792976149593491"></String>
          </TextLine>

          
          
          <TextLine ID="eSc_line_86338cb6"
                    TAGREFS="LT11324"
                    BASELINE="2628 1421 3772 1359 4637 1344" 
                    HPOS="2625"
                    VPOS="1292"
                    WIDTH="2012"
                    HEIGHT="162">
            <Shape><Polygon POINTS="2628 1454 2805 1433 2895 1445 2898 1445 2900 1445 2946 1421 3125 1430 3127 1430 3130 1430 3218 1409 3378 1426 3380 1426 3383 1426 3462 1399 3562 1419 3567 1419 3569 1419 3572 1419 3636 1392 3839 1397 3842 1397 3844 1397 3868 1385 3906 1397 3908 1397 3911 1397 3985 1385 4076 1397 4080 1397 4083 1397 4085 1397 4088 1397 4116 1376 4293 1368 4341 1385 4343 1385 4346 1385 4348 1385 4420 1361 4518 1378 4520 1378 4637 1373 4637 1344 4628 1292 4157 1321 4131 1313 4102 1306 4100 1306 4097 1306 4095 1306 4064 1316 4037 1325 3973 1321 3894 1316 3892 1316 3736 1333 3722 1333 3713 1333 3569 1328 3567 1328 3564 1328 3533 1342 3531 1342 3526 1342 3464 1333 3462 1333 3373 1349 3354 1352 3325 1352 3158 1344 3156 1344 3043 1364 3032 1366 3029 1366 3008 1354 3005 1354 3003 1354 3000 1354 2965 1368 2943 1354 2941 1354 2938 1354 2936 1354 2934 1354 2900 1366 2874 1356 2871 1356 2869 1356 2867 1356 2828 1373 2807 1364 2805 1364 2802 1364 2625 1383 2628 1421"/></Shape>
	    <String CONTENT="nim quod esseu plures anfractus in sinistrae cavitatibus quam in dextrae sinistrae"
                    HPOS="2625"
                    VPOS="1292"
                    WIDTH="2012"
                    HEIGHT="162"
                    WC="0.9871666540459889"></String>
          </TextLine>

          
          
          <TextLine ID="eSc_line_ca34d84b"
                    TAGREFS="LT11324"
                    BASELINE="2637 1478 3667 1421 4671 1395" 
                    HPOS="2635"
                    VPOS="1349"
                    WIDTH="2036"
                    HEIGHT="160">
            <Shape><Polygon POINTS="4410 1349 4408 1349 4382 1361 4367 1366 4346 1364 4298 1354 4296 1354 4107 1361 4104 1361 4102 1361 4085 1373 4078 1380 4023 1383 3918 1383 3567 1383 3564 1383 3562 1383 3560 1383 3560 1385 3543 1399 3540 1402 3490 1402 3469 1402 3333 1392 3330 1392 3225 1411 3213 1414 3204 1414 3103 1402 3101 1402 3098 1402 3032 1419 2986 1407 2984 1407 2981 1407 2979 1407 2924 1426 2922 1426 2917 1426 2788 1416 2785 1416 2783 1416 2750 1433 2747 1435 2635 1438 2637 1478 2637 1509 2850 1497 2879 1502 2917 1507 2919 1507 2922 1507 2938 1500 2957 1490 3003 1497 3015 1497 3017 1497 3020 1497 3022 1497 3022 1495 3046 1481 3230 1483 3232 1483 3294 1471 3443 1481 3500 1483 3502 1483 3505 1483 3521 1478 3576 1459 3643 1466 3646 1466 3648 1466 3681 1454 3789 1466 3808 1469 3810 1469 3813 1469 3820 1466 3858 1450 3880 1464 3882 1466 3885 1466 3887 1466 3889 1466 3892 1466 3901 1464 3942 1447 4052 1457 4080 1459 4083 1459 4102 1454 4200 1433 4341 1445 4343 1445 4346 1445 4393 1426 4434 1442 4436 1442 4439 1442 4671 1433 4671 1395 4666 1349 4465 1361 4448 1359 4415 1349 4413 1349"/></Shape>
	    <String CONTENT="membrana alba interior magis alba erat et densa quam dextrae. Illarum anfractus"
                    HPOS="2635"
                    VPOS="1349"
                    WIDTH="2036"
                    HEIGHT="160"
                    WC="0.9880479461030115"></String>
          </TextLine>

          
          
          <TextLine ID="eSc_line_441e1ee9"
                    TAGREFS="LT11324"
                    BASELINE="2625 1538 3328 1497 4719 1457" 
                    HPOS="2623"
                    VPOS="1411"
                    WIDTH="2096"
                    HEIGHT="144">
            <Shape><Polygon POINTS="2625 1555 2955 1555 3005 1545 3048 1538 3065 1543 3075 1548 3077 1548 3079 1548 3082 1548 3084 1548 3091 1543 3110 1531 3146 1540 3163 1545 3165 1545 3168 1545 3318 1536 3497 1524 3567 1526 3638 1531 3641 1531 3643 1531 3646 1531 3653 1524 3672 1509 3746 1507 3856 1507 3880 1516 3889 1521 3892 1521 3894 1521 3896 1521 3899 1521 3906 1516 3928 1502 4064 1509 4066 1509 4195 1493 4262 1505 4281 1507 4284 1507 4286 1507 4298 1502 4336 1488 4403 1500 4410 1500 4413 1500 4425 1500 4539 1481 4604 1493 4620 1495 4623 1495 4719 1488 4719 1445 4716 1421 4637 1411 4635 1411 4632 1411 4604 1423 4604 1426 4317 1433 4315 1433 4212 1421 4209 1421 4207 1421 4205 1421 4178 1438 4143 1423 4140 1423 4138 1423 4135 1423 4133 1423 4116 1438 3937 1430 3935 1430 3932 1430 3894 1447 3861 1433 3858 1433 3856 1433 3853 1433 3851 1433 3827 1450 3722 1438 3720 1438 3521 1462 3517 1462 3514 1462 3447 1447 3445 1447 3354 1466 3313 1452 3311 1452 3309 1452 3306 1452 3254 1469 3175 1457 3173 1457 3048 1462 3046 1462 3043 1462 3015 1481 2623 1493 2625 1538"/></Shape>
	    <String CONTENT="eos qui sunt in simibus cordis referebant (: adeo ut videatur initio produci duos sinus cbnteriu"
                    HPOS="2623"
                    VPOS="1411"
                    WIDTH="2096"
                    HEIGHT="144"
                    WC="0.9642109656706452"></String>
          </TextLine>

          
          
          <TextLine ID="eSc_line_797a82ae"
                    TAGREFS="LT11324"
                    BASELINE="2652 1588 4666 1502" 
                    HPOS="2649"
                    VPOS="1471"
                    WIDTH="2017"
                    HEIGHT="153">
            <Shape><Polygon POINTS="2652 1624 2900 1619 2903 1619 2905 1619 2910 1614 2934 1600 2969 1612 2981 1617 2984 1617 2986 1617 3020 1610 3103 1593 3244 1600 3306 1602 3309 1602 3388 1593 3550 1574 3641 1581 3646 1581 3648 1581 3653 1581 3713 1569 3744 1576 3765 1583 3767 1583 3770 1583 3772 1583 3791 1574 3808 1567 3868 1571 3930 1576 3932 1576 3935 1576 3951 1567 3966 1559 4002 1564 4042 1571 4045 1571 4047 1571 4076 1562 4109 1548 4233 1545 4250 1555 4267 1562 4269 1562 4272 1562 4274 1562 4307 1550 4343 1540 4382 1548 4420 1555 4422 1555 4425 1555 4427 1555 4439 1545 4451 1536 4470 1543 4491 1552 4494 1552 4496 1552 4666 1533 4666 1502 4661 1471 4104 1478 4102 1478 4040 1497 3660 1497 3658 1497 3655 1497 3653 1497 3636 1512 3557 1502 3555 1502 3552 1502 3524 1516 3395 1509 3392 1509 3098 1536 3046 1524 3043 1524 3041 1524 3039 1524 2981 1540 2793 1536 2790 1536 2649 1555 2652 1588"/></Shape>
	    <String CONTENT="venosa, dt duos a cava ex quibus duo sive sinistri sive inferiores simul uniuntur et faciunt"
                    HPOS="2649"
                    VPOS="1471"
                    WIDTH="2017"
                    HEIGHT="153"
                    WC="0.9746179198441298"></String>
          </TextLine>

          
          
          <TextLine ID="eSc_line_b63b050c"
                    TAGREFS="LT11324"
                    BASELINE="2630 1653 3555 1605 4623 1569" 
                    HPOS="2628"
                    VPOS="1521"
                    WIDTH="1995"
                    HEIGHT="165">
            <Shape><Polygon POINTS="2635 1686 2690 1667 2778 1681 2793 1681 2795 1681 2797 1681 2800 1681 2802 1679 2824 1667 2879 1677 2891 1677 2893 1677 2895 1677 2905 1674 2979 1653 3096 1650 3134 1665 3144 1667 3146 1667 3149 1667 3182 1662 3290 1643 3385 1653 3416 1655 3419 1655 3421 1655 3440 1650 3500 1634 3576 1643 3610 1648 3612 1648 3784 1641 3787 1641 3789 1641 3796 1634 3813 1622 3932 1629 3968 1629 3971 1629 3973 1629 3990 1624 4035 1614 4083 1622 4128 1626 4131 1626 4133 1626 4162 1617 4202 1605 4245 1614 4264 1617 4267 1617 4300 1612 4372 1598 4425 1605 4460 1610 4463 1610 4465 1610 4479 1602 4499 1593 4618 1595 4623 1569 4618 1531 4475 1533 4446 1521 4444 1521 4441 1521 4439 1521 4410 1538 4408 1538 4405 1538 4367 1524 4365 1524 4362 1524 4171 1545 4126 1550 4092 1548 3992 1543 3990 1543 3873 1557 3822 1562 3796 1559 3729 1550 3727 1550 3512 1559 3509 1559 3507 1559 3495 1569 3486 1576 3452 1571 3397 1564 3395 1564 3345 1576 3309 1583 3239 1579 3149 1574 3146 1574 3077 1586 3012 1595 2969 1588 2931 1583 2929 1583 2926 1583 2895 1591 2855 1602 2628 1602 2630 1653"/></Shape>
	    <String CONTENT="cor, alii duo ab invicem separati, auriculas.) Jam sinus sinister longior ecat dextio"
                    HPOS="2628"
                    VPOS="1521"
                    WIDTH="1995"
                    HEIGHT="165"
                    WC="0.9792041427948895"></String>
          </TextLine>

          
          
          <TextLine ID="eSc_line_5a5f0b70"
                    TAGREFS="LT11324"
                    BASELINE="2633 1703 4343 1634 4642 1634" 
                    HPOS="2630"
                    VPOS="1574"
                    WIDTH="2012"
                    HEIGHT="153">
            <Shape><Polygon POINTS="2633 1727 2986 1727 3065 1715 3120 1708 3137 1712 3158 1720 3161 1720 3163 1720 3280 1708 3383 1698 3564 1698 3722 1698 3724 1698 3794 1691 3911 1677 4126 1679 4212 1679 4214 1679 4236 1674 4293 1662 4501 1665 4503 1665 4506 1665 4508 1665 4525 1653 4542 1665 4544 1665 4546 1665 4549 1665 4642 1660 4642 1634 4635 1574 4530 1579 4527 1579 4525 1579 4503 1593 4267 1591 4212 1591 4209 1591 4190 1593 4128 1607 4066 1600 4045 1598 4042 1598 4016 1602 3956 1614 3928 1607 3913 1602 3911 1602 3908 1602 3801 1607 3799 1607 3796 1607 3791 1612 3779 1622 3722 1617 3677 1612 3674 1612 3672 1612 3658 1619 3641 1626 3581 1624 3519 1619 3517 1619 3259 1638 3182 1643 3173 1643 3120 1634 3118 1634 2630 1667 2633 1703"/></Shape>
	    <String CONTENT="et angustior desinebatqus in aortam. a. arteria venosa, b. cuspis cordis, c aorta et dexter"
                    HPOS="2630"
                    VPOS="1574"
                    WIDTH="2012"
                    HEIGHT="153"
                    WC="0.9771358062932779"></String>
          </TextLine>

          
          
          <TextLine ID="eSc_line_274214ba"
                    TAGREFS="LT11324"
                    BASELINE="2659 1765 3333 1729 4654 1684" 
                    HPOS="2656"
                    VPOS="1643"
                    WIDTH="1998"
                    HEIGHT="151">
            <Shape><Polygon POINTS="2661 1794 2879 1772 2910 1784 2912 1784 2914 1784 2917 1784 3096 1779 3098 1779 3118 1774 3168 1760 3306 1765 3378 1767 3380 1767 3383 1767 3385 1767 3395 1763 3411 1751 3474 1758 3519 1763 3521 1763 3593 1753 3624 1748 3634 1751 3653 1758 3655 1758 3658 1758 3660 1758 3662 1758 3662 1755 3670 1748 3674 1746 3701 1748 3777 1753 3779 1753 3782 1753 3784 1753 3796 1743 3808 1734 3908 1731 3999 1734 4157 1739 4159 1739 4162 1739 4205 1724 4221 1720 4296 1720 4515 1724 4518 1724 4654 1703 4654 1684 4652 1650 4408 1643 4405 1643 4241 1662 4219 1665 4212 1665 4159 1653 4157 1653 4054 1669 4030 1672 4009 1672 3911 1662 3908 1662 3842 1677 3827 1679 3818 1677 3787 1667 3784 1667 3782 1667 3691 1681 3655 1686 3622 1684 3540 1677 3538 1677 3402 1691 3328 1698 3290 1696 3223 1688 3220 1688 3118 1700 3032 1710 2977 1705 2924 1700 2922 1700 2919 1700 2905 1708 2888 1717 2656 1717 2659 1765"/></Shape>
	    <String CONTENT="in venam arteriosam. D. cava. e. cuspis cordis. F. vena arteriosa. Paries sinistri ad"
                    HPOS="2656"
                    VPOS="1643"
                    WIDTH="1998"
                    HEIGHT="151"
                    WC="0.9714400137172026"></String>
          </TextLine>

          
          
          <TextLine ID="eSc_line_aba2f50b"
                    TAGREFS="LT11324"
                    BASELINE="2656 1815 4286 1748 4752 1748" 
                    HPOS="2654"
                    VPOS="1691"
                    WIDTH="2098"
                    HEIGHT="155">
            <Shape><Polygon POINTS="4723 1700 4671 1691 4668 1691 4415 1712 4305 1705 4303 1705 4162 1722 4042 1715 4040 1715 3660 1741 3622 1731 3619 1731 3617 1731 3615 1731 3612 1731 3593 1743 3476 1736 3474 1736 3407 1751 3161 1748 3158 1748 3091 1763 2857 1760 2855 1760 2654 1779 2656 1815 2656 1841 2907 1829 2924 1834 2957 1846 2960 1846 2962 1846 2965 1846 2991 1832 3003 1825 3098 1820 3208 1825 3330 1832 3333 1832 3335 1832 3356 1820 3378 1810 3600 1813 3622 1813 3624 1813 3626 1813 3629 1813 3665 1798 3698 1810 3720 1817 3722 1817 3724 1817 3796 1808 3923 1789 3963 1803 3973 1806 3975 1806 3978 1806 4104 1803 4107 1803 4109 1803 4116 1798 4133 1789 4150 1796 4159 1801 4162 1801 4164 1801 4193 1796 4233 1786 4269 1794 4288 1796 4291 1796 4317 1791 4417 1770 4491 1786 4499 1786 4501 1786 4752 1777 4752 1748 4738 1720 4730 1715"/></Shape>
	    <String CONTENT="tinumusque cordis pertingebat, ubi non erat admodum crassus paries dextri prius desinebat"
                    HPOS="2654"
                    VPOS="1691"
                    WIDTH="2098"
                    HEIGHT="155"
                    WC="0.9702197045422671"></String>
          </TextLine>

          
          
          <TextLine ID="eSc_line_e6f57a58"
                    TAGREFS="LT11324"
                    BASELINE="2647 1868 3070 1860 3791 1822 4728 1813" 
                    HPOS="2644"
                    VPOS="1763"
                    WIDTH="2084"
                    HEIGHT="133">
            <Shape><Polygon POINTS="2647 1896 3091 1892 3094 1892 3113 1884 3130 1880 3208 1882 3309 1887 3311 1887 3400 1877 3598 1856 3724 1870 3784 1875 3787 1875 3789 1875 3822 1865 3894 1849 3990 1849 4030 1860 4054 1868 4057 1868 4059 1868 4061 1868 4083 1860 4114 1849 4140 1858 4150 1860 4152 1860 4155 1860 4157 1860 4159 1860 4162 1858 4186 1841 4241 1851 4243 1851 4245 1851 4248 1851 4267 1839 4350 1849 4353 1849 4355 1849 4382 1834 4570 1834 4609 1846 4635 1853 4637 1853 4640 1853 4642 1853 4661 1844 4673 1839 4723 1841 4728 1813 4723 1779 4546 1763 4544 1763 4460 1765 4458 1765 4456 1765 4429 1784 4346 1772 4343 1772 4133 1791 4080 1777 4078 1777 4076 1777 4002 1791 3882 1779 3880 1779 3741 1798 3705 1786 3703 1786 3701 1786 3572 1801 3514 1789 3512 1789 3509 1789 3507 1789 3490 1801 3356 1796 3354 1796 3352 1796 3306 1813 3302 1813 3299 1813 3249 1796 3247 1796 3244 1796 3242 1796 3239 1796 3216 1813 3165 1803 3163 1803 3161 1803 3118 1817 3113 1820 2644 1827 2647 1868"/></Shape>
	    <String CONTENT="sed majorem basis partem amplectebatur (nempe bf est major quam ac) i deoque e tanqua"
                    HPOS="2644"
                    VPOS="1763"
                    WIDTH="2084"
                    HEIGHT="133"
                    WC="0.9782520806088167"></String>
          </TextLine>

          
          
          <TextLine ID="eSc_line_388426c8"
                    TAGREFS="LT11324"
                    BASELINE="2628 1925 3490 1903 4095 1872 4666 1860" 
                    HPOS="2625"
                    VPOS="1815"
                    WIDTH="2041"
                    HEIGHT="148">
            <Shape><Polygon POINTS="4534 1815 4511 1815 4487 1817 4465 1817 4171 1837 4066 1841 4028 1839 3930 1832 3928 1832 3825 1844 3763 1851 3703 1846 3617 1841 3615 1841 3529 1851 3452 1860 3423 1853 3402 1849 3400 1849 3397 1849 3352 1856 3297 1865 3134 1860 3103 1860 3079 1860 3063 1860 3063 1863 3051 1872 2819 1870 2805 1870 2802 1870 2800 1870 2733 1882 2711 1872 2707 1870 2704 1870 2702 1870 2699 1870 2697 1870 2695 1872 2676 1884 2625 1875 2628 1925 2628 1949 2685 1963 2687 1963 2690 1963 2723 1951 3015 1954 3017 1954 3020 1954 3022 1954 3039 1939 3055 1951 3058 1951 3060 1951 3063 1951 3153 1932 3199 1925 3256 1930 3383 1942 3385 1942 3388 1942 3438 1927 3476 1939 3478 1939 3481 1939 3638 1935 3746 1915 3796 1906 3865 1911 3937 1915 3939 1915 3942 1915 3966 1908 3980 1903 3994 1906 4057 1920 4059 1920 4061 1920 4097 1903 4104 1901 4112 1903 4143 1913 4145 1913 4147 1913 4224 1899 4269 1889 4565 1884 4573 1889 4587 1899 4589 1899 4592 1899 4594 1899 4666 1884 4666 1860 4661 1825 4565 1815 4558 1815"/></Shape>
	    <String CONTENT="ex medio basis surgebat et f illam amplectebatur. Membrana sinus sinistri era, manisue "
                    HPOS="2625"
                    VPOS="1815"
                    WIDTH="2041"
                    HEIGHT="148"
                    WC="0.9809869431901252"></String>
          </TextLine>

          
          
          <TextLine ID="eSc_line_1102e61f"
                    TAGREFS="LT11324"
                    BASELINE="2628 1987 4083 1927 4711 1918" 
                    HPOS="2625"
                    VPOS="1875"
                    WIDTH="2086"
                    HEIGHT="148">
            <Shape><Polygon POINTS="2628 2023 2699 2011 2831 2018 2883 2021 2886 2021 2996 2016 2998 2016 3000 2016 3005 2011 3027 1999 3103 2009 3139 2011 3141 2011 3204 2004 3337 1987 3366 1997 3378 2001 3380 2001 3383 2001 3411 1997 3471 1982 3591 1989 3658 1992 3660 1992 3806 1985 3808 1985 3822 1980 3858 1968 3973 1975 4047 1978 4049 1978 4052 1978 4076 1970 4114 1958 4186 1966 4238 1970 4241 1970 4243 1970 4276 1963 4322 1949 4518 1946 4537 1951 4558 1958 4561 1958 4563 1958 4711 1944 4711 1918 4706 1877 4379 1875 4377 1875 4374 1875 4329 1887 4319 1889 4312 1889 4264 1877 4262 1877 4260 1877 4231 1892 4224 1894 4214 1892 4181 1880 4178 1880 4176 1880 4174 1880 4143 1894 4135 1896 4102 1894 3983 1887 3980 1887 3782 1903 3655 1915 3471 1913 3290 1913 3287 1913 3285 1913 3282 1913 3273 1920 3261 1927 3247 1920 3230 1915 3227 1915 3225 1915 3079 1920 3077 1920 3075 1920 3067 1927 3063 1932 3051 1927 3039 1923 3036 1923 3034 1923 3032 1923 3020 1927 3000 1939 2984 1930 2979 1927 2977 1927 2974 1927 2972 1927 2967 1930 2943 1942 2625 1942 2628 1987"/></Shape>
	    <String CONTENT="atba et densa quam extri; fulciebantur vero isti sitius aliquibus quasi columnis e medio demiete"
                    HPOS="2625"
                    VPOS="1875"
                    WIDTH="2086"
                    HEIGHT="148"
                    WC="0.9783698736379544"></String>
          </TextLine>

          
          
          <TextLine ID="eSc_line_d5d4465b"
                    TAGREFS="LT11324"
                    BASELINE="2633 2049 4104 1987 4718 1989" 
                    HPOS="2630"
                    VPOS="1930"
                    WIDTH="2088"
                    HEIGHT="145">
            <Shape><Polygon POINTS="2633 2075 3106 2073 3108 2073 3110 2073 3122 2064 3139 2056 3223 2061 3304 2066 3306 2066 3309 2066 3325 2059 3352 2047 3407 2056 3440 2061 3443 2061 3445 2061 3464 2054 3509 2037 3543 2052 3552 2056 3555 2056 3557 2056 3560 2056 3576 2052 3626 2032 3846 2025 3956 2040 3980 2042 3983 2042 4030 2037 4252 2011 4360 2028 4367 2028 4370 2028 4382 2028 4511 2006 4716 2016 4718 1989 4714 1942 4558 1944 4527 1930 4525 1930 4522 1930 4413 1935 4410 1935 4408 1935 4384 1951 4382 1951 4372 1951 4121 1944 4119 1944 4116 1944 4049 1963 4042 1963 4033 1963 3918 1951 3916 1951 3799 1968 3720 1961 3717 1961 3715 1961 3689 1975 3686 1975 3677 1975 3581 1963 3579 1963 3576 1963 3540 1980 3538 1980 3533 1980 3457 1968 3454 1968 3452 1968 3450 1968 3428 1982 3309 1973 3306 1973 3304 1973 3302 1973 3282 1987 3278 1992 3098 1994 3094 1994 3039 1982 3036 1982 3034 1982 2981 1999 2967 2001 2926 1999 2824 1994 2821 1994 2819 1994 2817 1994 2802 2004 2797 2006 2795 2004 2776 1992 2774 1992 2771 1992 2769 1992 2630 2009 2633 2049"/></Shape>
	    <String CONTENT="versus basin in externos parietes versus cuspidem tendentibus quae licet pancae essent et promisine"
                    HPOS="2630"
                    VPOS="1930"
                    WIDTH="2088"
                    HEIGHT="145"
                    WC="0.9831942632944897"></String>
          </TextLine>

          
          
          <TextLine ID="eSc_line_4e0419eb"
                    TAGREFS="LT11324"
                    BASELINE="2652 2114 2936 2092 3507 2071 4659 2044" 
                    HPOS="2649"
                    VPOS="1997"
                    WIDTH="2010"
                    HEIGHT="148">
            <Shape><Polygon POINTS="2652 2145 2733 2145 2733 2142 2735 2142 2738 2142 2740 2140 2769 2121 2867 2135 2869 2135 2874 2135 3161 2109 3249 2123 3256 2123 3259 2123 3270 2123 3368 2107 3445 2116 3452 2116 3454 2116 3457 2116 3459 2116 3505 2099 3629 2109 3658 2111 3660 2111 3681 2109 3758 2092 3853 2102 3925 2109 3928 2109 3930 2109 3932 2109 3944 2099 3961 2085 4107 2083 4138 2092 4166 2102 4169 2102 4171 2102 4267 2099 4269 2099 4296 2087 4305 2083 4360 2085 4520 2092 4522 2092 4659 2073 4659 2044 4652 2004 4506 2011 4487 2006 4448 1997 4446 1997 4444 1997 4441 1997 4439 1997 4425 2009 4415 2013 4343 2011 4181 2004 4178 2004 4176 2004 4152 2016 4150 2016 4138 2016 4011 2009 4009 2009 3954 2021 3923 2028 3894 2023 3842 2013 3839 2013 3665 2028 3560 2037 3538 2032 3505 2023 3502 2023 3500 2023 3497 2023 3474 2032 3457 2040 3416 2035 3373 2030 3371 2030 3368 2030 3347 2037 3321 2047 2649 2054 2652 2114"/></Shape>
	    <String CONTENT="sitae, erant tamen valde rotundae; et ex similibus totus cor conflatus videbatur, ut"
                    HPOS="2649"
                    VPOS="1997"
                    WIDTH="2010"
                    HEIGHT="148"
                    WC="0.9885935066711335"></String>
          </TextLine>

          
          
          <TextLine ID="eSc_line_636e3b23"
                    TAGREFS="LT11324"
                    BASELINE="4152 2121 4702 2111" 
                    HPOS="4150"
                    VPOS="2071"
                    WIDTH="552"
                    HEIGHT="83">
            <Shape><Polygon POINTS="4155 2154 4190 2140 4267 2152 4269 2152 4272 2152 4274 2152 4305 2138 4329 2150 4331 2150 4334 2150 4436 2135 4468 2147 4470 2147 4472 2147 4625 2133 4697 2145 4702 2111 4695 2071 4365 2085 4362 2083 4350 2073 4350 2071 4348 2071 4346 2071 4286 2071 4284 2071 4281 2071 4279 2071 4279 2073 4264 2087 4262 2090 4150 2090 4152 2121"/></Shape>
	    <String CONTENT="amsersum aorti ut vena"
                    HPOS="4150"
                    VPOS="2071"
                    WIDTH="552"
                    HEIGHT="83"
                    WC="0.9736802334135229"></String>
          </TextLine>

          
          
          <TextLine ID="eSc_line_23e7e41c"
                    TAGREFS="LT11324"
                    BASELINE="2628 2171 3796 2121" 
                    HPOS="2625"
                    VPOS="2080"
                    WIDTH="1171"
                    HEIGHT="132">
            <Shape><Polygon POINTS="2630 2212 2685 2195 2728 2207 2730 2207 2733 2207 2738 2207 2819 2190 2843 2202 2845 2202 2848 2202 2850 2202 2852 2202 2857 2200 2912 2178 2950 2195 2955 2197 2957 2197 2960 2197 2962 2197 2969 2195 3022 2173 3280 2178 3282 2178 3285 2178 3323 2161 3354 2176 3361 2178 3364 2178 3366 2178 3368 2178 3378 2173 3416 2154 3536 2152 3552 2166 3557 2169 3557 2171 3560 2171 3562 2171 3564 2171 3567 2171 3598 2164 3631 2154 3650 2161 3667 2166 3670 2166 3672 2166 3796 2152 3796 2121 3789 2080 3600 2092 3595 2087 3588 2083 3588 2080 3586 2080 3583 2080 3581 2080 3579 2080 3576 2080 3564 2090 3557 2095 3538 2092 3497 2085 3495 2085 3493 2085 3466 2095 3454 2099 3445 2097 3421 2087 3419 2087 3416 2087 3304 2092 3302 2092 3261 2104 3254 2107 3227 2107 3084 2102 3082 2102 3079 2102 3077 2102 3058 2116 3055 2116 3048 2116 2989 2107 2986 2107 2984 2107 2981 2107 2965 2118 2960 2121 2946 2121 2850 2114 2848 2114 2625 2135 2628 2171"/></Shape>
	    <String CONTENT="apparebat ex multis rimis utrinque in paretibus"
                    HPOS="2625"
                    VPOS="2080"
                    WIDTH="1171"
                    HEIGHT="132"
                    WC="0.9699837020102967"></String>
          </TextLine>

          
          
          <TextLine ID="eSc_line_e6ad6562"
                    TAGREFS="LT11324"
                    BASELINE="2625 2226 3849 2176 4766 2169" 
                    HPOS="2623"
                    VPOS="2116"
                    WIDTH="2143"
                    HEIGHT="146">
            <Shape><Polygon POINTS="4382 2118 4198 2138 4164 2123 4162 2123 4159 2123 4157 2123 4133 2135 4109 2123 4107 2123 4104 2123 3990 2126 3775 2135 3772 2135 3770 2135 3753 2147 3693 2135 3691 2135 3607 2152 3500 2140 3497 2140 3495 2140 3419 2164 3414 2164 3409 2164 3321 2147 3318 2147 3087 2169 3027 2154 3015 2154 2957 2176 2926 2161 2924 2161 2922 2161 2919 2161 2864 2181 2623 2185 2625 2226 2625 2262 3173 2228 3433 2238 3443 2238 3445 2238 3447 2238 3512 2219 3564 2233 3567 2233 3569 2233 3696 2209 3947 2204 4016 2221 4021 2221 4023 2221 4037 2221 4195 2200 4300 2212 4303 2212 4305 2212 4312 2212 4549 2193 4764 2197 4766 2169 4761 2126 4663 2116 4661 2116 4659 2116 4635 2128 4632 2130 4489 2133 4415 2133 4386 2118 4384 2118"/></Shape>
	    <String CONTENT="erteriosa se mutio tangeban ut infinaliae duae, sed nullam habebant inter se communicationem"
                    HPOS="2623"
                    VPOS="2116"
                    WIDTH="2143"
                    HEIGHT="146"
                    WC="0.9654215943554173"></String>
          </TextLine>

          
          
          <TextLine ID="eSc_line_68048ee7"
                    TAGREFS="LT11324"
                    BASELINE="2628 2283 3899 2233 4730 2226" 
                    HPOS="2625"
                    VPOS="2178"
                    WIDTH="2105"
                    HEIGHT="136">
            <Shape><Polygon POINTS="2628 2305 2862 2314 2864 2314 2950 2298 2962 2293 3144 2290 3146 2290 3175 2305 3177 2305 3180 2305 3256 2288 3270 2286 3294 2288 3409 2298 3411 2298 3548 2281 3583 2276 3646 2276 3885 2283 3887 2283 3951 2269 3973 2264 3990 2267 4045 2279 4047 2279 4138 2264 4164 2259 4181 2262 4229 2269 4231 2269 4300 2259 4312 2257 4315 2257 4339 2269 4341 2269 4343 2269 4346 2269 4348 2269 4365 2257 4370 2255 4396 2255 4520 2264 4522 2264 4728 2245 4730 2226 4726 2183 4456 2178 4453 2178 4451 2178 4448 2178 4434 2190 4434 2193 4329 2195 4238 2195 4209 2183 4207 2183 4205 2183 4107 2200 4102 2200 3653 2200 3650 2200 3421 2221 3414 2221 3409 2221 3180 2214 3177 2214 3175 2214 3137 2228 2864 2224 2862 2224 2860 2224 2857 2224 2840 2238 2785 2226 2783 2226 2781 2226 2778 2226 2757 2243 2625 2245 2628 2283"/></Shape>
	    <String CONTENT="valvulas distincte in illis vidi quales describuntur et intervallum inter 2 as valvulas aortae"
                    HPOS="2625"
                    VPOS="2178"
                    WIDTH="2105"
                    HEIGHT="136"
                    WC="0.9783392237856033"></String>
          </TextLine>

          
          
          <TextLine ID="eSc_line_bad2015a"
                    TAGREFS="LT11324"
                    BASELINE="2628 2338 3746 2293 4706 2279" 
                    HPOS="2625"
                    VPOS="2231"
                    WIDTH="2081"
                    HEIGHT="136">
            <Shape><Polygon POINTS="2628 2365 2946 2367 2948 2367 3130 2350 3259 2341 3337 2345 3421 2350 3423 2350 3426 2350 3447 2343 3464 2336 3488 2341 3521 2348 3524 2348 3526 2348 3548 2338 3574 2329 3600 2338 3610 2341 3612 2341 3615 2341 3617 2341 3631 2336 3674 2324 3796 2331 3830 2333 3832 2333 3882 2329 4078 2310 4207 2310 4238 2319 4257 2326 4260 2326 4262 2326 4264 2326 4284 2319 4317 2305 4420 2314 4482 2319 4484 2319 4706 2305 4706 2279 4702 2240 4527 2231 4525 2231 4226 2252 4169 2240 4166 2240 4164 2240 4131 2255 4073 2243 4071 2243 3983 2259 3756 2252 3753 2252 3428 2276 3352 2264 3349 2264 3347 2264 3345 2264 3323 2279 3232 2269 3230 2269 3227 2269 3187 2283 3108 2271 3106 2271 3000 2288 2965 2276 2962 2276 2960 2276 2957 2276 2955 2276 2931 2293 2625 2300 2628 2338"/></Shape>
	    <String CONTENT="e regione respondebat intercullo inter duas valvutas vena arteriosae, et immediate"
                    HPOS="2625"
                    VPOS="2231"
                    WIDTH="2081"
                    HEIGHT="136"
                    WC="0.9786325845776535"></String>
          </TextLine>

          
          
          <TextLine ID="eSc_line_3afd22ee"
                    TAGREFS="LT11324"
                    BASELINE="2628 2412 3775 2348 4673 2329" 
                    HPOS="2625"
                    VPOS="2286"
                    WIDTH="2048"
                    HEIGHT="160">
            <Shape><Polygon POINTS="4303 2286 4250 2302 4241 2305 4224 2302 4143 2293 4140 2293 3748 2322 3667 2326 3653 2324 3603 2317 3600 2317 3543 2329 3519 2333 3493 2331 3435 2324 3433 2324 3385 2336 3347 2343 3251 2341 3134 2336 3132 2336 2993 2343 2991 2343 2977 2350 2960 2360 2907 2353 2900 2353 2898 2353 2891 2353 2840 2365 2817 2355 2802 2350 2800 2350 2797 2350 2795 2350 2774 2357 2738 2369 2625 2365 2628 2412 2628 2446 2802 2419 3005 2431 3012 2431 3015 2431 3017 2431 3020 2431 3041 2417 3177 2422 3180 2422 3182 2422 3184 2422 3206 2403 3235 2412 3237 2412 3239 2412 3242 2412 3297 2398 3428 2408 3431 2408 3433 2408 3483 2391 3648 2398 3650 2398 3653 2398 3689 2379 4057 2376 4128 2362 4171 2379 4174 2379 4176 2379 4178 2379 4181 2379 4207 2365 4358 2372 4405 2372 4408 2372 4673 2355 4673 2329 4666 2288 4382 2298 4377 2298 4307 2286 4305 2286"/></Shape>
	    <String CONTENT="supra dua, valvulas aortae, quae viciniores erant venae arteriosae, vel potius intra ipsus"
                    HPOS="2625"
                    VPOS="2286"
                    WIDTH="2048"
                    HEIGHT="160"
                    WC="0.9778784169091119"></String>
          </TextLine>

          
          
          <TextLine ID="eSc_line_35cebe7e"
                    TAGREFS="LT11324"
                    BASELINE="2640 2462 3297 2436 3715 2408 4609 2384" 
                    HPOS="2637"
                    VPOS="2338"
                    WIDTH="1972"
                    HEIGHT="163">
            <Shape><Polygon POINTS="2860 2400 2857 2400 2833 2417 2831 2417 2824 2417 2730 2410 2728 2410 2637 2424 2640 2462 2640 2501 2723 2498 2726 2498 2728 2498 2752 2482 2783 2496 2785 2496 2788 2496 2807 2496 3051 2472 3096 2484 3098 2484 3101 2484 3103 2484 3113 2484 3175 2470 3263 2477 3302 2479 3304 2479 3306 2479 3321 2474 3371 2455 3454 2455 3486 2467 3495 2472 3497 2472 3500 2472 3502 2472 3519 2467 3572 2446 3870 2439 3916 2451 3935 2455 3937 2455 3939 2455 3942 2455 3944 2455 3951 2448 3971 2431 4052 2431 4083 2443 4092 2448 4095 2448 4097 2448 4100 2448 4112 2443 4128 2434 4176 2441 4221 2446 4224 2446 4226 2446 4229 2446 4238 2439 4252 2427 4339 2434 4405 2439 4408 2439 4410 2439 4413 2439 4422 2431 4436 2417 4525 2415 4542 2427 4551 2434 4554 2434 4556 2434 4558 2434 4609 2422 4609 2384 4601 2338 4558 2355 4260 2353 4097 2353 4095 2353 4047 2362 4014 2369 3992 2365 3966 2360 3963 2360 3961 2360 3959 2360 3951 2367 3939 2374 3846 2372 3701 2367 3698 2367 3476 2388 3364 2398 3311 2396 3199 2388 3196 2388 3194 2388 3165 2403 3158 2405 3125 2403 3039 2398 3036 2398 2948 2412 2938 2412 2931 2412 2864 2400 2862 2400"/></Shape>
	    <String CONTENT="volvulas duo erant exigua foraminas quae nda ostendebant quasi buos namos"
                    HPOS="2637"
                    VPOS="2338"
                    WIDTH="1972"
                    HEIGHT="163"
                    WC="0.9556905116936932"></String>
          </TextLine>

          
          
          <TextLine ID="eSc_line_4d011d6d"
                    TAGREFS="LT11324"
                    BASELINE="2630 2532 3775 2465 4747 2443" 
                    HPOS="2628"
                    VPOS="2396"
                    WIDTH="2119"
                    HEIGHT="172">
            <Shape><Polygon POINTS="2633 2568 2685 2556 2728 2565 2738 2565 2740 2565 2742 2565 2747 2563 2797 2541 2943 2556 2957 2556 2960 2556 2972 2553 3075 2529 3192 2544 3194 2544 3196 2544 3201 2544 3333 2520 3383 2537 3385 2537 3388 2537 3390 2537 3404 2537 3526 2517 3610 2527 3622 2527 3624 2527 3641 2525 3796 2498 3935 2513 3944 2513 3947 2513 3949 2513 3951 2513 3980 2489 4121 2484 4276 2496 4279 2496 4281 2496 4284 2496 4307 2477 4374 2491 4377 2491 4379 2491 4422 2474 4468 2489 4470 2489 4472 2489 4475 2489 4544 2472 4585 2484 4587 2484 4589 2484 4745 2477 4747 2443 4742 2400 4549 2408 4544 2408 4499 2396 4496 2396 4494 2396 4491 2396 4456 2412 4451 2415 4322 2417 4317 2417 4252 2403 4250 2403 4248 2403 4245 2403 4217 2422 4214 2422 4207 2422 4133 2412 4131 2412 4128 2412 4076 2427 4066 2429 4061 2427 4021 2412 4018 2412 4016 2412 4014 2412 3947 2431 3939 2434 3930 2434 3851 2419 3849 2419 3572 2431 3569 2431 3517 2451 3507 2453 3500 2451 3454 2439 3452 2439 3450 2439 3447 2439 3414 2455 3409 2458 3213 2462 3182 2451 3180 2451 3177 2451 3175 2451 3132 2467 3122 2470 3106 2467 3041 2458 3039 2458 2912 2462 2910 2462 2864 2477 2850 2484 2628 2486 2630 2532"/></Shape>
	    <String CONTENT="aortae, quibus utrinque venam arteriosam amplectebatur, isque rami rursus in cor absumebantu"
                    HPOS="2628"
                    VPOS="2396"
                    WIDTH="2119"
                    HEIGHT="172"
                    WC="0.9827386043641878"></String>
          </TextLine>

          
          
          <TextLine ID="eSc_line_3c3e6488"
                    TAGREFS="LT11324"
                    BASELINE="2633 2582 3830 2527 4704 2501" 
                    HPOS="2630"
                    VPOS="2458"
                    WIDTH="2074"
                    HEIGHT="157">
            <Shape><Polygon POINTS="2802 2522 2769 2539 2630 2544 2633 2582 2633 2615 2807 2611 2809 2611 2812 2611 2828 2596 2917 2606 2926 2606 2929 2606 2953 2603 3130 2584 3201 2591 3220 2594 3223 2594 3225 2594 3237 2591 3285 2575 3431 2572 3447 2582 3452 2584 3454 2584 3457 2584 3459 2584 3517 2577 3626 2565 3667 2572 3693 2575 3696 2575 3698 2575 3720 2568 3758 2558 3882 2560 3959 2563 3961 2563 3963 2563 3975 2558 3994 2548 4035 2553 4066 2558 4069 2558 4071 2558 4090 2551 4114 2544 4267 2544 4463 2544 4465 2544 4704 2522 4704 2501 4699 2460 4436 2458 4434 2458 4339 2472 4310 2460 4307 2460 4305 2460 4303 2460 4300 2460 4274 2477 4267 2477 4169 2465 4166 2465 4078 2482 3994 2472 3992 2472 3990 2472 3928 2491 3923 2491 3918 2491 3815 2479 3813 2479 3588 2505 3576 2505 3569 2505 3459 2494 3457 2494 3454 2494 3397 2513 3395 2513 3390 2513 3249 2503 3247 2503 3163 2522 3161 2525 2984 2529 2979 2529 2831 2520 2821 2522"/></Shape>
	    <String CONTENT="non autem apparebat  ulla communis via inter aortam et veram arteriosam, sed"
                    HPOS="2630"
                    VPOS="2458"
                    WIDTH="2074"
                    HEIGHT="157"
                    WC="0.9776875259060609"></String>
          </TextLine>

          
          
          <TextLine ID="eSc_line_837eeb06"
                    TAGREFS="LT11324"
                    BASELINE="2649 2637 4016 2580 4649 2570" 
                    HPOS="2647"
                    VPOS="2522"
                    WIDTH="2002"
                    HEIGHT="139">
            <Shape><Polygon POINTS="2649 2661 3612 2637 3717 2627 3873 2613 4047 2618 4123 2618 4126 2618 4128 2618 4145 2613 4190 2601 4205 2611 4205 2613 4207 2613 4209 2613 4212 2613 4231 2611 4319 2596 4353 2606 4358 2608 4360 2608 4362 2608 4377 2606 4448 2591 4647 2596 4649 2570 4642 2527 4444 2534 4436 2534 4386 2522 4384 2522 4382 2522 4319 2539 4312 2539 4300 2539 4190 2529 4188 2529 4186 2529 4126 2546 4121 2546 4112 2546 3997 2537 3994 2537 3851 2556 3846 2556 3844 2556 3741 2546 3739 2546 3736 2546 3734 2546 3713 2560 3624 2551 3622 2551 3548 2568 3543 2568 3538 2568 3421 2558 3419 2558 3416 2558 3373 2572 3192 2570 3189 2570 3187 2570 3149 2582 3034 2572 3032 2572 3029 2572 2967 2589 2965 2589 2840 2580 2838 2580 2647 2601 2649 2637"/></Shape>
	    <String CONTENT="una ab altera poterat tota divelli, neutra etiam videbatur, altera multo major"
                    HPOS="2647"
                    VPOS="2522"
                    WIDTH="2002"
                    HEIGHT="139"
                    WC="0.9840870652443323"></String>
          </TextLine>

          
          
          <TextLine ID="eSc_line_d4f63941"
                    TAGREFS="LT11324"
                    BASELINE="2618 2701 3799 2646 4659 2620" 
                    HPOS="2616"
                    VPOS="2577"
                    WIDTH="2043"
                    HEIGHT="167">
            <Shape><Polygon POINTS="2618 2732 2659 2728 2685 2732 2733 2744 2735 2744 2738 2744 2778 2728 2797 2723 2819 2728 2850 2732 2852 2732 2855 2732 2881 2725 2898 2720 2962 2720 3194 2725 3196 2725 3309 2706 3380 2694 3433 2694 3447 2699 3471 2713 3474 2713 3476 2713 3576 2697 3662 2706 3665 2706 3667 2706 3708 2689 3729 2677 3901 2673 3935 2680 3999 2692 4002 2692 4004 2692 4040 2680 4128 2687 4131 2687 4133 2687 4193 2668 4209 2663 4250 2666 4393 2675 4396 2675 4398 2675 4401 2675 4422 2658 4432 2651 4444 2656 4470 2668 4472 2668 4475 2670 4554 2670 4554 2668 4556 2668 4587 2651 4594 2649 4656 2649 4659 2620 4652 2577 3729 2603 3727 2603 3724 2603 3717 2611 3705 2618 3665 2613 3636 2608 3634 2608 3631 2608 3629 2608 3622 2613 3607 2625 3337 2625 3302 2625 3299 2625 3287 2625 3187 2639 3132 2632 3115 2630 3113 2630 3110 2630 3108 2630 3106 2632 3087 2644 2998 2637 2996 2637 2993 2637 2989 2637 2850 2654 2616 2651 2618 2701"/></Shape>
	    <String CONTENT="vec substantiae diversae, sed utraque erat densissima, alba) et quasi cordi implantata"
                    HPOS="2616"
                    VPOS="2577"
                    WIDTH="2043"
                    HEIGHT="167"
                    WC="0.966736855201943"></String>
          </TextLine>

          
          
          <TextLine ID="eSc_line_385cd1f1"
                    TAGREFS="LT11324"
                    BASELINE="4226 2687 4673 2673" 
                    HPOS="4224"
                    VPOS="2632"
                    WIDTH="449"
                    HEIGHT="88">
            <Shape><Polygon POINTS="4226 2709 4439 2720 4441 2720 4444 2720 4446 2720 4446 2718 4448 2718 4451 2711 4456 2706 4487 2713 4496 2713 4499 2713 4501 2713 4503 2713 4544 2699 4671 2713 4673 2673 4666 2632 4224 2644 4226 2687"/></Shape>
	    <String CONTENT="Eratetiam adems"
                    HPOS="4224"
                    VPOS="2632"
                    WIDTH="449"
                    HEIGHT="88"
                    WC="0.9943818132082621"></String>
          </TextLine>

          
          
          <TextLine ID="eSc_line_b030689f"
                    TAGREFS="LT11324"
                    BASELINE="2633 2759 3868 2709" 
                    HPOS="2630"
                    VPOS="2663"
                    WIDTH="1238"
                    HEIGHT="129">
            <Shape><Polygon POINTS="2633 2792 2723 2778 2752 2790 2759 2792 2762 2792 2764 2792 2969 2785 2972 2785 2984 2780 3012 2771 3079 2778 3091 2778 3094 2778 3096 2778 3101 2778 3163 2759 3211 2773 3213 2773 3216 2773 3218 2773 3227 2773 3299 2759 3359 2768 3368 2768 3371 2768 3373 2768 3376 2768 3400 2749 3433 2763 3435 2763 3438 2763 3440 2763 3481 2747 3562 2761 3572 2761 3574 2761 3576 2761 3581 2761 3634 2740 3744 2754 3748 2754 3751 2754 3753 2754 3796 2735 3858 2747 3865 2747 3868 2709 3865 2677 3810 2663 3808 2663 3806 2663 3696 2668 3693 2668 3691 2668 3691 2670 3689 2670 3679 2682 3677 2685 3603 2685 3402 2685 3400 2685 3342 2694 3306 2699 3299 2694 3285 2685 3282 2685 3280 2685 3278 2685 3275 2685 3273 2685 3273 2687 3261 2697 3254 2704 3192 2704 3184 2699 3173 2689 3170 2689 3168 2689 3165 2689 3115 2701 3094 2706 3079 2701 3058 2694 3055 2694 3053 2694 3051 2694 3048 2694 3048 2697 3046 2697 3041 2704 3034 2711 3015 2704 2998 2699 2996 2699 2993 2699 2991 2699 2989 2699 2979 2706 2965 2713 2926 2706 2888 2701 2886 2701 2883 2701 2881 2701 2871 2709 2862 2718 2838 2711 2817 2704 2814 2704 2812 2704 2809 2704 2778 2711 2735 2723 2630 2718 2633 2759"/></Shape>
	    <String CONTENT="non ejus substantiam constibuens ut vasa inferiora"
                    HPOS="2630"
                    VPOS="2663"
                    WIDTH="1238"
                    HEIGHT="129"
                    WC="0.9873121738433838"></String>
          </TextLine>

          
          
          <TextLine ID="eSc_line_7163a7fb"
                    TAGREFS="LT11324"
                    BASELINE="2628 2818 3951 2747 4644 2728" 
                    HPOS="2623"
                    VPOS="2680"
                    WIDTH="2021"
                    HEIGHT="174">
            <Shape><Polygon POINTS="2628 2854 2752 2840 2814 2847 2824 2847 2826 2847 2828 2847 2833 2845 2867 2833 2979 2838 3008 2838 3010 2838 3012 2838 3022 2835 3075 2816 3335 2816 3464 2816 3466 2816 3469 2816 3507 2806 3567 2792 3638 2799 3696 2804 3698 2804 3753 2792 3796 2783 3820 2787 3856 2797 3858 2797 3861 2797 3923 2783 3963 2771 4066 2768 4076 2773 4100 2785 4102 2785 4104 2785 4107 2785 4147 2771 4178 2780 4181 2780 4183 2780 4186 2780 4188 2780 4205 2766 4212 2761 4262 2763 4408 2768 4410 2768 4413 2768 4451 2752 4458 2749 4475 2749 4594 2761 4597 2761 4599 2761 4644 2740 4644 2728 4640 2687 4568 2680 4565 2680 4274 2704 4231 2706 4224 2706 4152 2692 4150 2692 3992 2711 3961 2701 3959 2701 3956 2701 3870 2720 3844 2725 3791 2723 3679 2718 3677 2718 3624 2730 3593 2737 3536 2735 3466 2730 3464 2730 3462 2730 3431 2737 3407 2744 3290 2744 3196 2744 3194 2744 3192 2744 3180 2749 3151 2761 2623 2771 2628 2818"/></Shape>
	    <String CONTENT="exteriori superficiei cordis versus basin multis in locis adnata, ut et tunicae aortae"
                    HPOS="2623"
                    VPOS="2680"
                    WIDTH="2021"
                    HEIGHT="174"
                    WC="0.9890511209188506"></String>
          </TextLine>

          
          
          <TextLine ID="eSc_line_4e39afa0"
                    TAGREFS="LT11324"
                    BASELINE="2635 2873 3187 2840 4647 2780" 
                    HPOS="2633"
                    VPOS="2735"
                    WIDTH="2014"
                    HEIGHT="169">
            <Shape><Polygon POINTS="2635 2904 3065 2888 3067 2888 3079 2883 3134 2861 3285 2871 3292 2871 3294 2871 3302 2871 3407 2849 3648 2852 3825 2852 3827 2852 3830 2852 3861 2840 3896 2852 3899 2852 3901 2852 3990 2833 4021 2826 4047 2828 4114 2838 4116 2838 4119 2838 4164 2823 4207 2838 4209 2838 4212 2838 4405 2809 4427 2806 4465 2806 4549 2806 4582 2821 4585 2821 4587 2821 4589 2821 4647 2795 4647 2780 4642 2735 4558 2752 4470 2742 4456 2742 4453 2742 4403 2747 4174 2768 4071 2763 4021 2761 4018 2761 4016 2761 4014 2761 4006 2766 3992 2778 3901 2780 3810 2775 3736 2773 3734 2773 3732 2773 3701 2783 3686 2785 3643 2785 3531 2783 3529 2783 3526 2783 3524 2783 3514 2792 3505 2797 3414 2797 3239 2795 3237 2795 3101 2802 3098 2802 3075 2814 3067 2818 2633 2835 2635 2873"/></Shape>
	    <String CONTENT="et venae arteriose videbantur magis exteriori parti cordis quam intenori adnatae"
                    HPOS="2633"
                    VPOS="2735"
                    WIDTH="2014"
                    HEIGHT="169"
                    WC="0.9866330452263355"></String>
          </TextLine>

          
          
          <TextLine ID="eSc_line_be301ef0"
                    TAGREFS="LT11324"
                    BASELINE="2649 2921 3304 2885 4668 2838" 
                    HPOS="2647"
                    VPOS="2792"
                    WIDTH="2021"
                    HEIGHT="155">
            <Shape><Polygon POINTS="3385 2833 3325 2857 3227 2845 3225 2845 3223 2845 3184 2859 3134 2845 3132 2845 3130 2845 3127 2845 3070 2871 2647 2885 2649 2921 2649 2947 3003 2935 3015 2935 3144 2914 3583 2914 3636 2914 3636 2912 3646 2909 3720 2895 3820 2902 3822 2902 3825 2902 3827 2902 3851 2888 3880 2900 3882 2900 3885 2900 3887 2900 3947 2883 4250 2883 4252 2883 4458 2864 4489 2876 4491 2876 4494 2876 4496 2876 4499 2876 4515 2861 4558 2873 4561 2873 4563 2873 4565 2873 4623 2857 4661 2871 4668 2838 4666 2809 4551 2792 4549 2792 4546 2792 4496 2814 4422 2797 4420 2797 4417 2797 4360 2816 4317 2799 4315 2799 4312 2799 4310 2799 4307 2799 4274 2821 4088 2806 4085 2806 4083 2806 4037 2828 3994 2811 3992 2811 3990 2811 3987 2811 3942 2835 3939 2835 3935 2835 3390 2833 3388 2833"/></Shape>
	    <String CONTENT="quod contrarium erat in vena cava, d arteria venosa, quae omnia rationibus meis tam"
                    HPOS="2647"
                    VPOS="2792"
                    WIDTH="2021"
                    HEIGHT="155"
                    WC="0.970030154449394"></String>
          </TextLine>

          
          
          <TextLine ID="eSc_line_a007f833"
                    TAGREFS="LT11324"
                    BASELINE="3815 2916 4652 2885" 
                    HPOS="3813"
                    VPOS="2842"
                    WIDTH="839"
                    HEIGHT="108">
            <Shape><Polygon POINTS="4513 2845 4496 2857 4465 2845 4458 2847 4446 2847 4434 2859 4420 2847 4417 2847 4415 2847 4413 2847 4346 2864 4286 2866 4248 2866 4224 2854 4221 2854 4219 2854 4217 2854 4214 2854 4195 2869 4193 2869 4188 2869 4090 2861 4088 2861 4085 2861 4061 2873 4037 2861 4035 2861 4033 2861 3961 2876 3947 2864 3944 2864 3942 2864 3939 2864 3813 2881 3815 2916 3815 2950 3956 2931 4102 2928 4112 2938 4114 2938 4114 2940 4116 2940 4119 2940 4121 2940 4123 2940 4126 2940 4131 2935 4150 2926 4221 2933 4262 2935 4264 2935 4267 2935 4269 2935 4279 2931 4293 2921 4343 2926 4382 2931 4384 2931 4386 2931 4389 2931 4396 2924 4408 2916 4432 2924 4453 2928 4456 2928 4458 2928 4652 2912 4652 2885 4647 2854 4539 2842 4530 2845"/></Shape>
	    <String CONTENT="Valvutarum interstitia ad vena"
                    HPOS="3813"
                    VPOS="2842"
                    WIDTH="839"
                    HEIGHT="108"
                    WC="0.976093178987503"></String>
          </TextLine>

          
          
          <TextLine ID="eSc_line_0ac3729f"
                    TAGREFS="LT11324"
                    BASELINE="2644 2976 3471 2926" 
                    HPOS="2642"
                    VPOS="2881"
                    WIDTH="829"
                    HEIGHT="133">
            <Shape><Polygon POINTS="2644 3000 2678 3014 2680 3014 2683 3014 2685 3014 2726 3000 2836 3005 2838 3005 2840 3005 2843 3005 2860 2990 2864 2988 2876 2990 2914 3000 2917 3000 2919 3000 3082 2981 3242 2964 3469 2964 3471 2926 3464 2881 3378 2900 3318 2890 3309 2890 3306 2890 3304 2890 3294 2892 3225 2909 3156 2902 3141 2902 3139 2902 3113 2907 3024 2924 2642 2940 2644 2976"/></Shape>
	    <String CONTENT="accumre conveniunt ut nihil mago"
                    HPOS="2642"
                    VPOS="2881"
                    WIDTH="829"
                    HEIGHT="133"
                    WC="0.9602650748565793"></String>
          </TextLine>

          
          
          <TextLine ID="eSc_line_5262a42e_b"
                    TAGREFS="LT11324"
                    BASELINE="2613 3026 2898 3017 3562 2964 4738 2928" 
                    HPOS="2611"
                    VPOS="2880"
                    WIDTH="2127"
                    HEIGHT="175">
            <Shape><Polygon POINTS="4570 2888 4460 2912 3994 2912 3971 2912 3947 2912 3923 2914 3899 2914 3875 2916 3851 2916 3827 2916 3822 2912 3806 2912 3803 2912 3660 2919 3658 2919 3648 2924 3631 2933 3617 2926 3612 2921 3610 2921 3607 2921 3605 2921 3545 2928 3474 2938 3454 2933 3438 2928 3423 2928 3407 2935 3340 2955 3309 2940 3302 2935 3302 2938 3285 2938 3273 2943 3213 2962 3182 2952 3180 2952 3177 2952 2664 2986 2611 2974 2613 3026 2613 3055 2695 3053 2697 3053 2699 3053 2730 3033 2824 3048 2838 3048 2840 3048 2855 3045 2907 3033 3144 3033 3161 3033 3161 3031 3163 3031 3165 3031 3192 3014 3313 3021 3316 3021 3318 3021 3356 3007 3512 3014 3514 3014 3517 3014 3519 3014 3531 3002 3548 3014 3550 3017 3552 3017 3555 3017 3557 3017 3560 3017 3576 3012 3641 2995 3806 3000 3808 3000 3810 3000 3813 3000 3827 2988 3959 2993 3961 2993 3963 2993 4004 2981 4026 2993 4035 2998 4037 2998 4040 2998 4159 2986 4296 2974 4327 2978 4353 2983 4355 2983 4358 2983 4360 2983 4367 2976 4382 2964 4413 2976 4432 2981 4434 2981 4436 2981 4439 2981 4453 2974 4468 2967 4506 2971 4551 2976 4554 2976 4738 2959 4738 2928 4737 2922 4707 2880 4642 2900 4618 2888 4616 2888 4592 2888"/></Shape>
	    <String CONTENT="cavam unum erat in medio parietis ex terni ventris dextri perfibras ex cressinsculo"
                    HPOS="2611"
                    VPOS="2880"
                    WIDTH="2127"
                    HEIGHT="175"
                    WC="0.9666583013821797"></String>
          </TextLine>

          
          
          <TextLine ID="eSc_line_fa9361f1"
                    TAGREFS="LT11324"
                    BASELINE="4284 3012 4730 2998" 
                    HPOS="4281"
                    VPOS="2945"
                    WIDTH="449"
                    HEIGHT="100">
            <Shape><Polygon POINTS="4284 3036 4503 3045 4506 3045 4508 3045 4511 3045 4511 3043 4513 3043 4520 3031 4522 3031 4539 3043 4542 3043 4544 3043 4546 3043 4730 3026 4730 2998 4728 2962 4714 2947 4714 2945 4711 2945 4709 2945 4706 2945 4704 2945 4649 2964 4370 2955 4367 2955 4365 2955 4281 2976 4284 3012"/></Shape>
	    <String CONTENT="Fitrae dispungentes"
                    HPOS="4281"
                    VPOS="2945"
                    WIDTH="449"
                    HEIGHT="100"
                    WC="0.9683743903511449"></String>
          </TextLine>

          
          
          <TextLine ID="eSc_line_10e26de3_b"
                    TAGREFS="LT11324"
                    BASELINE="2609 3079 3603 3019 4224 3007" 
                    HPOS="2609"
                    VPOS="2964"
                    WIDTH="1615"
                    HEIGHT="151">
            <Shape><Polygon POINTS="2888 3019 2879 3029 2876 3031 2609 3041 2609 3115 2807 3093 2998 3096 3000 3096 3003 3096 3005 3096 3008 3096 3022 3081 3043 3093 3046 3093 3048 3093 3051 3093 3096 3081 3146 3088 3149 3088 3151 3088 3153 3088 3175 3074 3287 3081 3290 3081 3292 3081 3294 3081 3294 3079 3313 3062 3426 3067 3428 3067 3593 3045 3837 3038 3856 3050 3858 3050 3861 3050 3863 3050 3865 3050 3868 3050 3868 3048 3880 3038 4059 3038 4061 3038 4064 3038 4092 3026 4219 3036 4224 3007 4219 2964 3617 2978 3615 2978 3562 2995 3560 2995 3536 2983 3533 2983 3531 2983 3529 2983 3526 2983 3509 2995 3371 2990 3368 2990 3292 3007 3225 2998 3223 2998 3220 2998 3218 2998 3201 3012 3201 3014 3192 3014 2938 3014 2914 3017 2891 3019"/></Shape>
	    <String CONTENT="quodam taberculo exeuntes alia duoerant in lateribus amedi parietis"
                    HPOS="2609"
                    VPOS="2964"
                    WIDTH="1615"
                    HEIGHT="151"
                    WC="0.9830293219480941"></String>
          </TextLine>

          
          
          <TextLine ID="eSc_line_41133b9e_b"
                    TAGREFS="LT11324"
                    BASELINE="2609 3129 3806 3064 4666 3048" 
                    HPOS="2609"
                    VPOS="3007"
                    WIDTH="2057"
                    HEIGHT="157">
            <Shape><Polygon POINTS="2860 3158 2886 3158 2888 3158 2891 3158 2895 3155 2948 3136 3029 3150 3034 3150 3036 3150 3039 3150 3041 3150 3070 3136 3156 3146 3168 3146 3170 3146 3173 3146 3177 3143 3235 3122 3400 3115 3445 3134 3447 3134 3450 3134 3452 3134 3509 3131 3512 3131 3514 3131 3548 3107 3626 3105 3674 3124 3677 3124 3679 3124 3681 3124 3691 3122 3796 3096 3853 3096 3901 3115 3904 3115 3906 3115 3908 3115 3911 3115 3916 3112 3990 3088 4190 3081 4224 3100 4226 3100 4229 3100 4231 3100 4255 3100 4594 3069 4663 3081 4666 3048 4659 3010 4322 3021 4248 3007 4245 3007 4243 3007 4241 3007 4214 3026 4150 3014 4147 3014 4145 3014 4107 3031 4076 3014 4073 3014 4071 3014 3928 3033 3844 3024 3842 3024 2609 3093 2609 3128 2610 3160 2610 3164 2733 3153"/></Shape>
	    <String CONTENT="valvulas arteriae venosae erant in utroque latere parietis externi ventris sinistri onillae in"
                    HPOS="2609"
                    VPOS="3007"
                    WIDTH="2057"
                    HEIGHT="157"
                    WC="0.9709760101234659"></String>
          </TextLine>

          
          
          <TextLine ID="eSc_line_6a136cdf"
                    TAGREFS="LT11324"
                    BASELINE="2637 3184 3053 3165" 
                    HPOS="2633"
                    VPOS="3129"
                    WIDTH="420"
                    HEIGHT="88">
            <Shape><Polygon POINTS="2640 3217 2692 3203 2805 3210 2833 3210 2836 3210 2838 3210 2840 3210 2840 3208 2843 3208 2860 3193 2955 3201 2957 3201 2960 3201 3003 3184 3048 3196 3053 3165 3046 3129 2633 3148 2637 3184"/></Shape>
	    <String CONTENT="medio pariete,"
                    HPOS="2633"
                    VPOS="3129"
                    WIDTH="420"
                    HEIGHT="88"
                    WC="0.999609214918954"></String>
          </TextLine>

          
          
          <TextLine ID="eSc_line_8ec97fb6"
                    TAGREFS="LT11324"
                    BASELINE="3230 3158 3997 3115 4752 3100" 
                    HPOS="3227"
                    VPOS="3045"
                    WIDTH="1525"
                    HEIGHT="132">
            <Shape><Polygon POINTS="4597 3050 4594 3050 4587 3053 4542 3069 4503 3057 4501 3057 4499 3057 4496 3057 4463 3067 4446 3060 4434 3055 4432 3055 4429 3055 4427 3055 4408 3062 4362 3079 4226 3081 4200 3072 4181 3064 4178 3064 4176 3064 4174 3064 4131 3076 4088 3086 4073 3079 4057 3069 4054 3069 4052 3069 4049 3069 4047 3069 4033 3081 4023 3086 3978 3084 3887 3076 3885 3076 3882 3076 3880 3076 3880 3079 3868 3088 3861 3096 3849 3088 3822 3079 3820 3079 3818 3079 3815 3079 3767 3093 3739 3081 3736 3081 3734 3081 3732 3081 3674 3098 3658 3103 3648 3100 3612 3086 3610 3086 3607 3086 3545 3088 3543 3088 3540 3088 3512 3107 3507 3107 3488 3107 3371 3103 3368 3103 3366 3103 3364 3103 3352 3115 3349 3117 3227 3119 3230 3158 3230 3177 3626 3170 3629 3170 3646 3165 3672 3155 3693 3162 3708 3167 3710 3167 3713 3167 3715 3167 3732 3162 3758 3153 3813 3158 3832 3160 3834 3160 3877 3158 4009 3143 4078 3150 4112 3153 4114 3153 4140 3148 4198 3136 4241 3146 4250 3146 4252 3146 4305 3143 4568 3122 4582 3134 4585 3134 4587 3134 4589 3134 4752 3127 4752 3100 4742 3045 4678 3064 4611 3050 4599 3050"/></Shape>
	    <String CONTENT="Valvulae autem aortae et venae arteriosae non erant in ipso corde"
                    HPOS="3227"
                    VPOS="3045"
                    WIDTH="1525"
                    HEIGHT="132"
                    WC="0.9606088198148287"></String>
          </TextLine>

          
          
          <TextLine ID="eSc_line_0e02e7c9"
                    TAGREFS="LT11324"
                    BASELINE="2652 3236 3383 3191 4723 3146" 
                    HPOS="2649"
                    VPOS="3110"
                    WIDTH="2074"
                    HEIGHT="153">
            <Shape><Polygon POINTS="2652 3263 2960 3239 3055 3246 3060 3246 3063 3246 3065 3246 3067 3246 3091 3227 3189 3239 3192 3239 3194 3239 3256 3220 3347 3234 3352 3234 3354 3234 3356 3234 3359 3234 3388 3215 3447 3225 3450 3225 3452 3225 3483 3210 3626 3220 3629 3220 3896 3191 4133 3184 4159 3201 4162 3201 4164 3201 4166 3201 4169 3201 4178 3198 4250 3179 4286 3193 4288 3193 4291 3193 4296 3193 4384 3179 4460 3186 4487 3189 4489 3189 4491 3189 4494 3189 4496 3186 4508 3174 4532 3184 4542 3186 4544 3186 4546 3186 4723 3174 4723 3146 4721 3112 4427 3110 4425 3110 4109 3134 4073 3124 4071 3124 4069 3124 4066 3124 4009 3139 3851 3134 3849 3134 3846 3134 3844 3134 3830 3146 3679 3141 3677 3141 3674 3141 3646 3153 3600 3143 3598 3143 3290 3167 3184 3160 3182 3160 3180 3160 3151 3174 2649 3193 2652 3236"/></Shape>
	    <String CONTENT="sed membranulae ex corde ad vasa emergebant, haerebantque utrinque uno interstitio super."
                    HPOS="2649"
                    VPOS="3110"
                    WIDTH="2074"
                    HEIGHT="153"
                    WC="0.9875860093684679"></String>
          </TextLine>

          
          
          <TextLine ID="eSc_line_e3a50978"
                    TAGREFS="LT11324"
                    BASELINE="2642 3289 3433 3236 4773 3203" 
                    HPOS="2640"
                    VPOS="3158"
                    WIDTH="2133"
                    HEIGHT="155">
            <Shape><Polygon POINTS="3075 3225 3070 3225 2993 3217 2991 3217 2640 3241 2642 3289 2642 3313 2960 3301 3067 3277 3098 3289 3101 3289 3103 3289 3187 3272 3285 3282 3287 3282 3290 3282 3292 3282 3311 3268 3383 3277 3385 3277 3583 3258 3636 3270 3638 3270 3641 3270 3643 3270 3677 3253 3849 3248 3920 3260 3923 3260 3925 3260 3928 3260 3947 3246 4028 3260 4042 3263 4045 3263 4047 3263 4054 3260 4080 3248 4131 3258 4138 3258 4140 3258 4143 3258 4145 3258 4176 3239 4229 3253 4236 3256 4238 3256 4241 3256 4410 3248 4413 3248 4417 3246 4453 3232 4773 3232 4773 3203 4769 3158 4580 3170 4556 3165 4518 3158 4515 3158 4513 3158 4494 3167 4479 3177 4382 3179 4324 3174 4248 3167 4245 3167 4243 3167 4202 3179 4176 3186 4155 3182 4121 3174 4119 3174 3777 3184 3641 3203 3624 3203 3617 3203 3533 3193 3531 3193 3529 3193 3493 3208 3490 3208 3486 3208 3400 3198 3397 3198 3395 3198 3356 3213 3352 3215 3340 3215 3249 3203 3247 3203 3244 3203 3180 3220 3170 3222 3165 3222 3113 3208 3103 3208"/></Shape>
	    <String CONTENT="marietis medii dimidium, sibi invicem e regione correspondentes alia utrinque duae erant"
                    HPOS="2640"
                    VPOS="3158"
                    WIDTH="2133"
                    HEIGHT="155"
                    WC="0.9698962298306552"></String>
          </TextLine>

          
          
          <TextLine ID="eSc_line_320e5fb7"
                    TAGREFS="LT11324"
                    BASELINE="2637 3339 3493 3287 4685 3268" 
                    HPOS="2635"
                    VPOS="3213"
                    WIDTH="2050"
                    HEIGHT="141">
            <Shape><Polygon POINTS="2977 3282 2972 3284 2635 3291 2637 3339 2637 3351 2993 3354 2996 3354 2998 3354 3053 3339 3094 3330 3146 3337 3175 3339 3177 3339 3206 3334 3256 3325 3306 3332 3368 3339 3371 3339 3373 3339 3392 3327 3411 3320 3641 3320 3736 3320 3739 3320 3741 3320 3751 3318 3777 3308 3801 3315 3837 3327 3839 3327 3842 3327 3944 3311 4009 3301 4049 3308 4071 3311 4073 3311 4126 3306 4231 3294 4260 3301 4276 3306 4279 3306 4281 3308 4365 3308 4365 3306 4367 3306 4370 3306 4379 3296 4384 3291 4403 3296 4441 3308 4444 3308 4446 3308 4611 3303 4685 3287 4685 3268 4680 3232 4549 3213 4546 3213 4544 3213 4542 3213 4515 3236 4358 3239 4336 3227 4334 3227 4331 3227 4329 3227 4221 3244 4164 3225 4162 3225 4159 3225 4157 3225 4155 3225 4133 3244 4083 3229 4080 3229 4078 3229 4076 3229 3997 3251 3956 3234 3954 3234 3849 3234 3846 3234 3760 3253 3693 3239 3691 3239 3431 3258 3402 3248 3400 3248 3397 3248 3395 3248 3364 3265 3318 3251 3316 3251 3313 3251 3311 3251 3285 3263 3120 3258 3118 3258"/></Shape>
	    <String CONTENT="in lateribus simul aequali ab invicem distantia Foris apparebat notabilis sutura"
                    HPOS="2635"
                    VPOS="3213"
                    WIDTH="2050"
                    HEIGHT="141"
                    WC="0.9612812414765358"></String>
          </TextLine>

          
          
          <TextLine ID="eSc_line_fa5fcacd_b"
                    TAGREFS="LT11324"
                    BASELINE="2609 3401 3411 3344 4761 3315" 
                    HPOS="2608"
                    VPOS="3272"
                    WIDTH="2153"
                    HEIGHT="153">
            <Shape><Polygon POINTS="2817 3420 2914 3401 3084 3406 3087 3406 3089 3406 3118 3392 3144 3404 3146 3404 3149 3404 3151 3404 3199 3387 3242 3404 3244 3404 3247 3404 3359 3382 3440 3399 3443 3399 3445 3399 3514 3370 3789 3363 3832 3380 3834 3380 3837 3380 3930 3358 4002 3373 4016 3373 4021 3373 4092 3354 4274 3370 4276 3370 4279 3370 4348 3346 4458 3354 4460 3354 4463 3354 4465 3354 4484 3339 4501 3351 4503 3351 4506 3351 4508 3351 4568 3344 4613 3356 4616 3356 4618 3356 4620 3356 4656 3342 4757 3354 4761 3315 4754 3272 4465 3287 4448 3282 4427 3277 4425 3277 4422 3277 4382 3284 4350 3291 4296 3289 4159 3279 4157 3279 4076 3296 4061 3299 4037 3299 3875 3289 3873 3289 3870 3289 3820 3306 3810 3306 3457 3303 3454 3303 3364 3320 3249 3311 3247 3311 3161 3332 3156 3332 3153 3332 3113 3315 3110 3315 3108 3315 2977 3339 2965 3339 2946 3339 2817 3334 2814 3334 2620 3350 2615 3362 2615 3371 2608 3381 2609 3401 2609 3425"/></Shape>
	    <String CONTENT="ventrem unum ab alio distinguens, instar venae cujusdam, quae etiam per medium parietem"
                    HPOS="2608"
                    VPOS="3272"
                    WIDTH="2153"
                    HEIGHT="153"
                    WC="0.9731190355344751"></String>
          </TextLine>

          
          
          <TextLine ID="eSc_line_9de126f0"
                    TAGREFS="LT11324"
                    BASELINE="4348 3365 4678 3363" 
                    HPOS="4346"
                    VPOS="3332"
                    WIDTH="332"
                    HEIGHT="74">
            <Shape><Polygon POINTS="4353 3406 4374 3392 4432 3404 4436 3404 4439 3404 4675 3397 4678 3363 4673 3332 4346 3332 4348 3365"/></Shape>
	    <String CONTENT="sed praeterea"
                    HPOS="4346"
                    VPOS="3332"
                    WIDTH="332"
                    HEIGHT="74"
                    WC="0.9682079599453852"></String>
          </TextLine>

          
          
          <TextLine ID="eSc_line_fa6e21ec"
                    TAGREFS="LT11324"
                    BASELINE="2644 3451 3629 3392 4178 3370" 
                    HPOS="2640"
                    VPOS="3332"
                    WIDTH="1538"
                    HEIGHT="155">
            <Shape><Polygon POINTS="3954 3334 3930 3334 3906 3334 3889 3334 3887 3334 3885 3334 3885 3337 3882 3337 3873 3349 3865 3349 3760 3342 3758 3342 3684 3358 3670 3361 3655 3361 3588 3351 3586 3351 3583 3351 3548 3365 3538 3368 3533 3365 3505 3356 3502 3356 3500 3356 3497 3356 3464 3370 3454 3373 3428 3370 3352 3365 3349 3365 3347 3365 3345 3365 3330 3377 3325 3380 3321 3377 3304 3368 3302 3368 3299 3368 3297 3368 3294 3368 3275 3380 3270 3382 3256 3380 3204 3373 3201 3373 3139 3387 3113 3392 3101 3389 3075 3380 3072 3380 3070 3380 3005 3394 2977 3399 2967 3394 2946 3387 2943 3387 2941 3387 2938 3387 2903 3399 2883 3404 2864 3401 2831 3394 2828 3394 2826 3394 2824 3394 2814 3404 2807 3411 2640 3411 2644 3451 2644 3487 2740 3473 2919 3473 2922 3473 2924 3473 2926 3473 2950 3459 3106 3461 3108 3461 3110 3461 3163 3447 3187 3459 3189 3459 3192 3459 3206 3459 3333 3440 3366 3449 3371 3449 3373 3449 3376 3449 3378 3449 3380 3449 3383 3447 3402 3437 3411 3444 3411 3447 3414 3447 3416 3447 3419 3447 3421 3447 3423 3447 3426 3444 3445 3432 3509 3440 3517 3440 3519 3440 3521 3440 3524 3440 3552 3425 3648 3432 3674 3432 3677 3432 3698 3428 3765 3411 4178 3399 4178 3370 4171 3334 4011 3342 4009 3342 3983 3332 3978 3332"/></Shape>
	    <String CONTENT="penetrare videbatur, ita ut ejus crassitiem quodammodo divideret"
                    HPOS="2640"
                    VPOS="3332"
                    WIDTH="1538"
                    HEIGHT="155"
                    WC="0.9823887534439564"></String>
          </TextLine>

          
          
          <TextLine ID="eSc_line_32e10c27"
                    TAGREFS="LT11324"
                    BASELINE="2623 3506 3177 3485 3478 3459 4276 3418 4711 3411" 
                    HPOS="2621"
                    VPOS="3368"
                    WIDTH="2090"
                    HEIGHT="174">
            <Shape><Polygon POINTS="2625 3542 2754 3535 2757 3535 2795 3516 2879 3530 2883 3530 2886 3530 2903 3530 3055 3509 3211 3514 3254 3514 3256 3514 3259 3514 3268 3511 3313 3492 3364 3502 3366 3502 3545 3483 3591 3494 3605 3497 3607 3497 3610 3497 3612 3497 3631 3492 3684 3475 3777 3485 3820 3487 3822 3487 3994 3480 3997 3480 4018 3471 4052 3459 4109 3466 4152 3473 4155 3473 4157 3473 4181 3463 4209 3449 4367 3447 4389 3451 4415 3461 4417 3461 4420 3461 4422 3461 4458 3449 4489 3440 4525 3447 4573 3454 4575 3454 4577 3454 4609 3442 4630 3432 4709 3435 4711 3411 4706 3368 4444 3387 4415 3382 4374 3373 4372 3373 4178 3394 4138 3397 4104 3397 3889 3394 3887 3394 3885 3394 3842 3411 3832 3413 3827 3411 3794 3399 3791 3399 3789 3399 3705 3418 3696 3418 3681 3418 3521 3411 3519 3411 3431 3430 3409 3435 3397 3432 3333 3420 3330 3420 3328 3420 3325 3420 3306 3437 3302 3440 3256 3440 3065 3437 3063 3437 3060 3437 3017 3451 3015 3451 2974 3440 2972 3440 2969 3440 2967 3440 2929 3456 2926 3456 2917 3456 2788 3451 2785 3451 2621 3471 2623 3506"/></Shape>
	    <String CONTENT="notavi ex a rteria venosa, non unam tantum, sed quasi duas auricalas emergere"
                    HPOS="2621"
                    VPOS="3368"
                    WIDTH="2090"
                    HEIGHT="174"
                    WC="0.9742544556592966"></String>
          </TextLine>

          
          
          <TextLine ID="eSc_line_455ae2a6"
                    TAGREFS="LT11324"
                    BASELINE="2623 3557 3194 3545 4080 3487 4680 3468" 
                    HPOS="2621"
                    VPOS="3420"
                    WIDTH="2059"
                    HEIGHT="163">
            <Shape><Polygon POINTS="2623 3583 3335 3569 3337 3569 3340 3569 3352 3557 3356 3552 3588 3540 3626 3547 3658 3552 3660 3552 3662 3552 3665 3552 3674 3545 3686 3535 3794 3530 3822 3540 3839 3545 3842 3545 3844 3545 3882 3537 3947 3523 4021 3530 4023 3530 4026 3530 4150 3514 4209 3523 4224 3526 4226 3526 4250 3523 4329 3509 4382 3516 4396 3518 4398 3518 4401 3518 4403 3518 4403 3516 4405 3516 4420 3502 4446 3514 4448 3514 4451 3514 4453 3514 4522 3499 4680 3504 4680 3468 4675 3420 4623 3420 4620 3420 4618 3420 4616 3420 4613 3423 4592 3437 4384 3435 4300 3435 4298 3435 4245 3442 4140 3459 4114 3449 4100 3444 4097 3444 4095 3444 4054 3451 3990 3466 3939 3459 3918 3456 3916 3456 3873 3461 3787 3475 3746 3468 3710 3463 3708 3463 3650 3473 3626 3478 3593 3478 3488 3473 3486 3473 3483 3473 3454 3485 3433 3492 3416 3487 3388 3478 3385 3478 3383 3478 3380 3478 3349 3490 3330 3499 3182 3504 3146 3502 3084 3494 3082 3494 2931 3514 2876 3518 2855 3516 2776 3506 2774 3506 2771 3506 2728 3523 2721 3528 2621 3528 2623 3557"/></Shape>
	    <String CONTENT="unam secum quae vulgo notatur ab omnibus aliam vero, quae in laxa illa valvula"
                    HPOS="2621"
                    VPOS="3420"
                    WIDTH="2059"
                    HEIGHT="163"
                    WC="0.9814317654340695"></String>
          </TextLine>

          
          
          <TextLine ID="eSc_line_2fefde9f"
                    TAGREFS="LT11324"
                    BASELINE="2621 3614 3254 3595 4102 3545 4754 3530" 
                    HPOS="2618"
                    VPOS="3478"
                    WIDTH="2136"
                    HEIGHT="174">
            <Shape><Polygon POINTS="3144 3547 3127 3547 3125 3547 3122 3547 3106 3552 3075 3564 2618 3573 2621 3614 2621 3652 2699 3640 2850 3645 2852 3645 2855 3645 2857 3645 2883 3631 3251 3631 3251 3628 3254 3628 3256 3628 3282 3612 3299 3623 3302 3623 3304 3623 3306 3623 3431 3607 3538 3616 3540 3616 3650 3595 3830 3604 3832 3604 3834 3604 3901 3580 4061 3576 4109 3585 4112 3585 4245 3569 4288 3585 4291 3585 4293 3585 4408 3561 4441 3576 4444 3576 4446 3576 4539 3557 4749 3566 4754 3530 4745 3478 4570 3497 4542 3485 4539 3485 4537 3485 4534 3485 4532 3485 4522 3487 4479 3497 4434 3492 4417 3490 4415 3490 4413 3490 4408 3492 4379 3506 4324 3497 4312 3494 4310 3494 4291 3497 4214 3514 4119 3506 4092 3504 4090 3504 4088 3504 4073 3506 4035 3518 4016 3511 4006 3506 4004 3506 4002 3506 3944 3514 3837 3528 3799 3521 3775 3516 3772 3516 3708 3523 3593 3540 3562 3530 3543 3526 3540 3526 3538 3526 3462 3535 3359 3549 3204 3547 3192 3547 3168 3547"/></Shape>
	    <String CONTENT="quae arteriam venosam a cava dividit absorbebur, et a trumco cavae ascendente contegitur"
                    HPOS="2618"
                    VPOS="3478"
                    WIDTH="2136"
                    HEIGHT="174"
                    WC="0.978250037540089"></String>
          </TextLine>

          
          
          <TextLine ID="eSc_line_21ae3a7b"
                    TAGREFS="LT11324"
                    BASELINE="2659 3666 3290 3647 4116 3602 4666 3588" 
                    HPOS="2656"
                    VPOS="3542"
                    WIDTH="2010"
                    HEIGHT="160">
            <Shape><Polygon POINTS="2659 3695 2809 3702 2812 3702 2922 3688 2955 3683 2977 3686 3051 3693 3053 3693 3055 3693 3058 3693 3070 3681 3072 3681 3077 3681 3139 3690 3141 3690 3144 3690 3177 3678 3227 3695 3230 3695 3232 3695 3235 3695 3299 3674 3316 3669 3361 3671 3443 3676 3445 3676 3507 3666 3548 3659 3564 3664 3607 3678 3610 3678 3612 3678 3615 3678 3617 3678 3636 3662 3641 3657 3715 3650 3820 3647 3834 3655 3858 3669 3861 3669 3863 3669 3865 3669 4382 3647 4384 3647 4415 3633 4444 3621 4661 3623 4666 3588 4661 3554 4556 3542 4554 3542 4551 3542 4494 3559 4491 3559 4489 3559 4386 3549 4384 3549 4272 3569 4264 3569 4257 3569 4155 3559 4152 3559 4150 3559 4095 3576 4090 3576 4076 3576 3928 3569 3925 3569 3923 3569 3863 3583 3701 3578 3698 3578 3598 3595 3576 3597 3529 3597 3292 3595 3290 3595 3287 3595 3239 3609 3227 3612 3192 3612 3096 3607 3094 3607 2962 3619 2919 3623 2914 3621 2891 3612 2888 3612 2886 3612 2883 3612 2840 3623 2826 3631 2656 3631 2659 3666"/></Shape>
	    <String CONTENT="Duae autem verae auricla habent extremitates suas, non una in aliam alia in"
                    HPOS="2656"
                    VPOS="3542"
                    WIDTH="2010"
                    HEIGHT="160"
                    WC="0.9720730658372243"></String>
          </TextLine>

          
          
          <TextLine ID="eSc_line_b671573f"
                    TAGREFS="LT11324"
                    BASELINE="2623 3736 3842 3674" 
                    HPOS="2621"
                    VPOS="3628"
                    WIDTH="1223"
                    HEIGHT="177">
            <Shape><Polygon POINTS="2623 3784 2690 3774 2711 3784 2759 3805 2762 3805 2764 3805 2876 3798 2879 3798 2924 3774 2953 3760 2986 3772 3041 3791 3043 3791 3046 3791 3048 3791 3051 3791 3077 3767 3096 3750 3206 3748 3242 3760 3247 3762 3249 3762 3251 3762 3254 3762 3256 3762 3256 3760 3259 3760 3275 3743 3328 3743 3352 3755 3359 3760 3361 3760 3364 3760 3366 3760 3385 3755 3443 3736 3478 3750 3500 3760 3502 3760 3505 3760 3617 3757 3619 3757 3622 3757 3622 3755 3634 3743 3636 3743 3638 3743 3698 3757 3701 3757 3830 3750 3832 3750 3834 3750 3834 3748 3844 3736 3842 3674 3837 3633 3720 3628 3717 3628 3715 3628 3660 3643 3653 3647 3325 3662 3323 3662 3292 3652 3290 3652 3287 3652 3149 3671 3139 3671 3137 3671 3110 3659 3108 3659 3106 3659 3103 3659 3101 3659 3101 3662 3089 3674 3065 3664 3063 3664 3060 3664 3058 3664 2998 3678 2996 3678 2957 3666 2955 3666 2953 3666 2857 3686 2855 3686 2852 3686 2673 3681 2671 3681 2668 3681 2621 3695 2623 3736"/></Shape>
	    <String CONTENT="alteram partem sed utraque in sinistrum latus deflexas"
                    HPOS="2621"
                    VPOS="3628"
                    WIDTH="1223"
                    HEIGHT="177"
                    WC="0.9865551259782579"></String>
          </TextLine>

          
        </TextBlock>
        
        <TextBlock HPOS="98"
                   VPOS="3429"
                   WIDTH="456"
                   HEIGHT="444"
                   ID="r2"
                   TAGREFS="BT16575">
          <Shape><Polygon POINTS="118 3472 98 3624 127 3873 310 3870 375 3837 535 3834 554 3664 537 3448 355 3429"/></Shape>
          
          
          <TextLine ID="eSc_line_b408bc2c_a"
                    TAGREFS="LT11324"
                    BASELINE="145 3509 465 3480 539 3477" 
                    HPOS="145"
                    VPOS="3440"
                    WIDTH="398"
                    HEIGHT="93">
            <Shape><Polygon POINTS="480 3449 477 3449 475 3449 458 3440 456 3440 453 3440 444 3440 427 3442 418 3442 363 3444 356 3447 351 3447 289 3449 286 3451 284 3451 214 3455 178 3461 167 3468 148 3475 145 3509 145 3533 408 3509 520 3521 535 3521 537 3521 543 3520 537 3448 496 3444"/></Shape>
	    <String CONTENT="carne, quod nempe"
                    HPOS="145"
                    VPOS="3440"
                    WIDTH="398"
                    HEIGHT="93"
                    WC="0.9646897245855892"></String>
          </TextLine>

          
          
          <TextLine ID="eSc_line_cd132bb1_a"
                    TAGREFS="LT11324"
                    BASELINE="114 3714 552 3683" 
                    HPOS="112"
                    VPOS="3645"
                    WIDTH="442"
                    HEIGHT="98">
            <Shape><Polygon POINTS="501 3645 492 3647 468 3647 446 3647 422 3659 406 3669 112 3674 114 3714 114 3738 286 3729 308 3733 360 3743 363 3743 439 3726 506 3709 549 3708 554 3664 553 3647"/></Shape>
	    <String CONTENT="intervenae et arteriae"
                    HPOS="112"
                    VPOS="3645"
                    WIDTH="442"
                    HEIGHT="98"
                    WC="0.9704915095459331"></String>
          </TextLine>

          
          
          <TextLine ID="eSc_line_7b5a42d9"
                    TAGREFS="LT11324"
                    BASELINE="112 3547 496 3528" 
                    HPOS="109"
                    VPOS="3483"
                    WIDTH="387"
                    HEIGHT="93">
            <Shape><Polygon POINTS="112 3547 112 3564 157 3576 160 3576 496 3549 496 3528 489 3483 117 3514 110 3532 109 3537"/></Shape>
	    <String CONTENT="una motu firmiore"
                    HPOS="109"
                    VPOS="3483"
                    WIDTH="387"
                    HEIGHT="93"
                    WC="0.980966164785273"></String>
          </TextLine>

          
          
          <TextLine ID="eSc_line_509ad556"
                    TAGREFS="LT11324"
                    BASELINE="117 3592 489 3571" 
                    HPOS="112"
                    VPOS="3535"
                    WIDTH="377"
                    HEIGHT="86">
            <Shape><Polygon POINTS="117 3621 489 3588 489 3571 482 3535 112 3557 117 3592"/></Shape>
	    <String CONTENT="fuerat siceata quam"
                    HPOS="112"
                    VPOS="3535"
                    WIDTH="377"
                    HEIGHT="86"
                    WC="0.9913823165391621"></String>
          </TextLine>

          
          
          <TextLine ID="eSc_line_22b37d19"
                    TAGREFS="LT11324"
                    BASELINE="112 3631 477 3614" 
                    HPOS="107"
                    VPOS="3583"
                    WIDTH="370"
                    HEIGHT="79">
            <Shape><Polygon POINTS="205 3588 181 3590 157 3592 133 3592 126 3585 107 3585 112 3631 112 3662 477 3635 477 3614 470 3583 246 3585 229 3588"/></Shape>
	    <String CONTENT="altera edem etio"
                    HPOS="107"
                    VPOS="3583"
                    WIDTH="370"
                    HEIGHT="79"
                    WC="0.9892517887055874"></String>
          </TextLine>

          
          
          <TextLine ID="eSc_line_e5b3457c"
                    TAGREFS="LT11324"
                    BASELINE="112 3669 542 3643" 
                    HPOS="109"
                    VPOS="3602"
                    WIDTH="433"
                    HEIGHT="88">
            <Shape><Polygon POINTS="418 3619 394 3619 370 3621 367 3621 341 3628 126 3635 109 3652 112 3669 112 3690 542 3669 542 3643 535 3602 461 3619 453 3616 442 3616"/></Shape>
	    <String CONTENT="dicendum de differentia"
                    HPOS="109"
                    VPOS="3602"
                    WIDTH="433"
                    HEIGHT="88"
                    WC="0.9587726009928662"></String>
          </TextLine>

          
          
          <TextLine ID="eSc_line_38b23a28"
                    TAGREFS="LT11324"
                    BASELINE="115 3766 353 3748" 
                    HPOS="112"
                    VPOS="3717"
                    WIDTH="241"
                    HEIGHT="73">
            <Shape><Polygon POINTS="353 3779 353 3748 346 3717 117 3731 112 3746 117 3790"/></Shape>
	    <String CONTENT="tunieas cu"
                    HPOS="112"
                    VPOS="3717"
                    WIDTH="241"
                    HEIGHT="73"
                    WC="0.9586349487304687"></String>
          </TextLine>

          
          
          <TextLine ID="eSc_line_97d05e7b_a"
                    TAGREFS="LT11324"
                    BASELINE="129 3815 513 3793" 
                    HPOS="124"
                    VPOS="3750"
                    WIDTH="389"
                    HEIGHT="122">
            <Shape><Polygon POINTS="129 3855 193 3872 310 3870 375 3837 513 3834 513 3793 508 3762 425 3750 422 3750 420 3750 363 3767 348 3755 346 3755 344 3755 341 3755 339 3755 336 3755 315 3772 124 3781 129 3815"/></Shape>
	    <String CONTENT="sectu pophac en"
                    HPOS="124"
                    VPOS="3750"
                    WIDTH="389"
                    HEIGHT="122"
                    WC="0.9813508868217469"></String>
          </TextLine>

          
        </TextBlock>
        
        <TextBlock HPOS="4680"
                   VPOS="601"
                   WIDTH="279"
                   HEIGHT="94"
                   ID="r3"
                   TAGREFS="BT16581">
          <Shape><Polygon POINTS="4696 601 4680 662 4717 692 4959 695 4955 617"/></Shape>
          
          
          <TextLine ID="eSc_line_935fcf70"
                    TAGREFS="LT11324"
                    BASELINE="4730 652 4936 649" 
                    HPOS="4728"
                    VPOS="603"
                    WIDTH="208"
                    HEIGHT="89">
            <Shape><Polygon POINTS="4895 628 4871 625 4847 621 4824 618 4800 613 4776 611 4752 606 4737 604 4728 603 4730 652 4730 692 4936 692 4936 649 4922 633 4919 633"/></Shape>
	    <String CONTENT="N Z, 46"
                    HPOS="4728"
                    VPOS="603"
                    WIDTH="208"
                    HEIGHT="89"
                    WC="0.9374617338180542"></String>
          </TextLine>

          
        </TextBlock>
        
        <TextBlock HPOS="4809"
                   VPOS="233"
                   WIDTH="122"
                   HEIGHT="101"
                   ID="r5"
                   TAGREFS="BT16575">
          <Shape><Polygon POINTS="4809 242 4829 334 4890 330 4931 261 4908 233"/></Shape>
          
          
          <TextLine ID="eSc_line_92d96e41"
                    TAGREFS="LT11324"
                    BASELINE="4831 286 4845 281" 
                    HPOS="4817"
                    VPOS="240"
                    WIDTH="38"
                    HEIGHT="82">
            <Shape><Polygon POINTS="4855 322 4845 281 4830 240 4817 241 4831 286 4843 322"/></Shape>
	    <String CONTENT=""
                    HPOS="4817"
                    VPOS="240"
                    WIDTH="38"
                    HEIGHT="82"></String>
          </TextLine>

          
        </TextBlock>
        
        <TextBlock HPOS="4730"
                   VPOS="2788"
                   WIDTH="216"
                   HEIGHT="121"
                   ID="r0"
                   TAGREFS="BT16575">
          <Shape><Polygon POINTS="4730 2790 4735 2909 4943 2909 4946 2788"/></Shape>
          
          
          <TextLine ID="eSc_line_5262a42e_a"
                    TAGREFS="LT11324"
                    
                    HPOS="4735"
                    VPOS="2907"
                    WIDTH="0"
                    HEIGHT="2">
            <Shape><Polygon POINTS="4735 2907 4735 2909 4735 2909"/></Shape>
	    <String CONTENT=""
                    HPOS="4735"
                    VPOS="2907"
                    WIDTH="0"
                    HEIGHT="2"></String>
          </TextLine>

          
          
          <TextLine ID="eSc_line_4f581cd4"
                    TAGREFS="LT11324"
                    BASELINE="4752 2847 4888 2847" 
                    HPOS="4752"
                    VPOS="2802"
                    WIDTH="136"
                    HEIGHT="102">
            <Shape><Polygon POINTS="4847 2828 4824 2838 4800 2842 4797 2806 4752 2802 4752 2847 4752 2873 4886 2904 4888 2847 4888 2828 4871 2828"/></Shape>
	    <String CONTENT="(+ NB"
                    HPOS="4752"
                    VPOS="2802"
                    WIDTH="136"
                    HEIGHT="102"
                    WC="0.8820550441741943"></String>
          </TextLine>

          
        </TextBlock>
        
        <TextBlock HPOS="311"
                   VPOS="3858"
                   WIDTH="231"
                   HEIGHT="79"
                   ID="r8"
                   TAGREFS="BT16575">
          <Shape><Polygon POINTS="358 3858 311 3934 541 3937 542 3872"/></Shape>
          
          
          <TextLine ID="eSc_line_d80e173a_a"
                    TAGREFS="LT11324"
                    BASELINE="336 3908 516 3903 542 3897" 
                    HPOS="335"
                    VPOS="3858"
                    WIDTH="207"
                    HEIGHT="79">
            <Shape><Polygon POINTS="336 3908 336 3934 541 3937 542 3872 358 3858 335 3895"/></Shape>
	    <String CONTENT="spav i"
                    HPOS="335"
                    VPOS="3858"
                    WIDTH="207"
                    HEIGHT="79"
                    WC="0.993180106083552"></String>
          </TextLine>

          
          
          <TextLine ID="eSc_line_97d05e7b_b"
                    TAGREFS="LT11324"
                    
                    HPOS="352"
                    VPOS="3858"
                    WIDTH="28"
                    HEIGHT="10">
            <Shape><Polygon POINTS="363 3867 365 3867 380 3860 358 3858 352 3868"/></Shape>
	    <String CONTENT=""
                    HPOS="352"
                    VPOS="3858"
                    WIDTH="28"
                    HEIGHT="10"></String>
          </TextLine>

          
        </TextBlock>
        
        <TextBlock HPOS="4853"
                   VPOS="312"
                   WIDTH="166"
                   HEIGHT="125"
                   ID="r4"
                   TAGREFS="BT16581">
          <Shape><Polygon POINTS="4912 312 4853 379 4864 434 4997 437 5019 321"/></Shape>
          
        </TextBlock>
        
        <TextBlock HPOS="4738"
                   VPOS="1334"
                   WIDTH="96"
                   HEIGHT="158"
                   ID="r6"
                   TAGREFS="BT27326">
          <Shape><Polygon POINTS="4740 1334 4738 1492 4827 1490 4834 1348"/></Shape>
          
        </TextBlock>
        
        <TextBlock HPOS="4841"
                   VPOS="1352"
                   WIDTH="156"
                   HEIGHT="142"
                   ID="r7"
                   TAGREFS="BT27326">
          <Shape><Polygon POINTS="4846 1352 4841 1494 4988 1494 4997 1356"/></Shape>
          
        </TextBlock>
        

        
      </PrintSpace>
    </Page>
  </Layout>
</alto>
