5262 4279
568 741 328 62 Si tmpoca sit ut

584 777 67 52 ire

948 755 34 74 e

558 765 345 90 vuni se cirgo ounte

970 791 90 60 vires

563 870 302 54 ergo retandatione

573 903 166 81 virium era

796 941 71 162 t

875 955 49 93 an

1039 931 38 62 to

592 958 185 92 ailocad

841 993 53 95 int

554 827 566 62 ut teraspatioru  enentus (I

806 874 313 88 ut differentiae applica

946 960 160 71 temporum

1110 636 1465 79 quod dici lineam loganttanicam descubi motu composito ex aequabili et per Timentum retardato

1117 687 1455 68 ex falso sumteram priucipio, componendo duos motus mum aequabatem, alterum geometuei

1117 720 1498 95 progressionis cum tamen sit ex vero verum; quia scilicet componendi sunt duo motus, alter aequabilis

1110 793 1127 55 alter a appliculis ad hyperbulum, unol fit cogaritmmica desribitur linea

1119 827 1453 60 Mimirum si spatia crescunt ut numeri, vires. in quotet osta pundio exscemes decessunt

1112 855 1458 98 pro frsione geometrica, sunt ut potestates. Ergo contra si vires decrescant ut

1114 891 1453 90 numeri seu progrestione Aritimeticu; spatia pereuru erunt ut logenthiui. Porro in ea ratione

1096 965 1507 64 qua vires crestunt, tempor deescunt, si vires dimidiamur, amporaupt qui nclemcnta duper

1095 998 1503 71 cantur nempe spatium aut ea dpe de dimidioo tempore percursum, nunc percurretur supro, sun

1084 1007 1529 100 salic et temporum erementa vinum cremente recipio ea itaque cum reciproca geometrice proporta

1117 1043 1496 98 natium, sint etiam geometrice proportionalia: hinc facile iudi cari potest; viribus seu ceteri

1105 1081 1484 107 tatibus idem enim semp agense unde fit ut hoc loco virum et ceteritatum eadem ratio.)

1091 1124 1529 116 geometrice decescentibus, tempora quibus idem aliquod spatium, infinite exiguum pereur

1086 1164 1486 117 pendum est geo metriae crescere. Itaque si spatia percursa sint ut numerii temporam

1081 1212 1479 119 crementa erunt ut potestates sen termin ycometriae progrestionisse

1086 1255 1527 130 siuta et contra, si tempor si ut numeri; spatia perunsa erunt, ut expo–

1093 1297 1532 131 mentes seu Loganittuni. pono quoniam spatiis exipentibus ut numens tmporum reme

1103 1347 1495 126 ta sunt, progostios gemeficae: ergo spatiis existentibus ut numens tempora ipsu

1117 1397 1505 105 insmata eunt progressionis Geometrirae seu ut potestates, nam si rementa su prograssu

1138 1423 1458 115 Geometricae terimm ipsi quorum sunt crementa, erumt etiam progrestionis geometri

1143 1502 1453 95 psisque proportionales Hinc pondmpora in sumta sint ut mumei, spatia

1773 1516 823 93 quod es theorema hums argumenti eleguntis

1134 1542 573 95 ercursa eruit ut pogari turri

1146 1561 1464 126 Firmum. Hinc pono sequitur spatiorum crementa, emportem sumtis in quolibet

1136 1609 1453 112 n temporis momento, procedere ut pelicatas hyperbolae, seu esse, progustionis Ua

1124 1652 1484 111 Vnicae, quia scrementa lognri thumorum sunt applicatae hyperbolae ex invento Grego

1108 1721 1500 90 S. vincentio Hinc sam ponendo aliquod punctum corpus moven in unum parem aequi

2147 1737 337 60 ita ut dircorios in

1105 1737 989 105 bili motu in alteram motu per vetrimentum retariati

1096 1766 1505 128 rectionem alterius sit perpendicularis saliumve faciat angulum, patet eodem mota

1115 1809 1464 130 nunc huc tersus C, per rectas aequales B, BC, moveri, nunc illuc versus Hy

1115 1849 1486 131 e

1949 1901 633 69 logarit hunica.  Demon straitioc

1117 1923 711 97 thujice  Ergo linea curva VF)

1119 1946 1503 110 potest etium non assumto van incentii theoremale: quia eadem ipsa linea quae spatiou

1119 1987 1494 123 d tempora relationes referebat, restituituo, ea an (qualiscunque fuerit prograssio diffec

1150 2046 756 93 rentiarum. d autem erat ogar ithmica.

1119 2042 1494 130 invenimus paulo ante, s  si mitus perse sit apabilis   quolitet moment spatia

1117 2091 1489 131 Ex ta per culsa menescere ut appicatas hyperbolae. u oato si matus per se sit acce leratus

1112 2149 1475 104 fingere possumus compositum ex pluibus aquabilibus A. B. C. D. ex quibus posito primum

1117 2196 1474 107 retardari ce ita ut primo momento decassit spatium percursum sit b, tetio E, qua

1146 2241 1433 121 d quacto e, sectoqu quinto f: alue ita percrdabitur, in sinnoo momentospatium sit

1153 2310 1448 95 ut b, tertio ut C, quarto ut d. quinto ut e. nam primo moneuto cum nondum extcas

1129 2346 1441 114 non etardatur. Itemque tertius ita retardabitur, ut tertio momento piam primo A

1131 2403 1467 107 secundo mondum exissit) spatium sit ut b, quarto ut C. quanto ut d, t. e ita

1141 2424 1462 133 in reliquis. Unde patet applicatas, seu spatia quolibet momento perenta, esse

1113 2465 1459 151 utint unam partem esse at seriei ipsius summas seu ut logarithmo  (ubi

1109 2526 1456 134 rusus oppus non est nosse naturam differentiae logaritomeuus) Qum spatia

1127 2591 1457 104 ergurta ab altera parte Eece ergo dudrum iterum theotema In motu per se q

1107 2600 1472 143 u

961 2641 1633 164 rescunt nlogarictumi, si tempora insumta rescant ut numerii itaque sid spatiorum crementa ponantu

1226 2700 1330 121 meri, erum tempora percursa ut potestates, adeoque et momenta filu cliarum tem

2261 2764 64 55 s

2353 2759 214 72 oetutum

1103 2714 1469 150 rum prementa ut potestates. Ergo si temporum crementa ut numeri exunt spatiorum

2032 2819 84 33 +

1148 2767 1113 137 ementa ut logari trmi in motu aequabiliter perte acelerat

1983 2824 21 97 n

2320 2800 231 74 mumae logaris

1607 2878 273 67 tempora u numeri

1673 2836 250 76 mpora ut qua

2246 2845 348 95 numeri spatesunt

1141 2893 440 88 um a radicibus. Ergo si

1350 2859 885 143 utmae logaritomotum. Nempe Mtaerontummo

2180 2959 40 74 si

2534 2950 24 69 n

825 2909 1764 172 spatia peremsa sunt t logarithmorum summa in inom per sei aequabiliter acceterato per detrinent

1093 2976 923 128 retardato, ut er sppenonbus patet ex dicto paulo an

1063 2985 1528 162 tranmonice (nempe empotum trementis recipiocae quae sun ut, numer), hive vires ipsu

1424 3030 1136 134 frucicae, erun spatia ut sumnae sammaum loq anstimorum seu ut

1143 3116 100 102 umus

1312 3068 1275 131 rum virium. Ergo sivires siuit ut numeri, erum spatia pererita ut Tubi

1148 3116 1415 131 trgu ita praeci ommerus prem ad lineam perventum est Analyticum, quae alia forte

2204 3159 366 76 summarum, qua fit

1155 3180 935 112 2 non appatiisset. Scilicet si mutanda est enuntiatiu

1643 3235 166 66 rtians se

2066 3206 480 57 sanvincentio. Nota patiis

1141 3263 442 60 transitus a figurus aus

1141 3297 326 64 ibus tempora deciet

1559 3211 1023 175 a vrgsaessumt antulan  remporm erementi creuntant

1124 3320 587 92 decrescunt. e inc cvuriat

2161 3337 364 88 inquirelum

2219 3385 272 63 nunc est

654 1454 389 131 ut sicurva Bd Fi

651 1578 388 59 numeri, erunt

765 1542 266 62 AC sint ut

675 1614 383 69 B Acd B ut Loga

680 1652 411 69 ritumi Etiam mocso

699 1702 351 66 modo sumtis EC ut

701 1742 330 55 numeris, poterunt

710 1771 336 66 eFEcbF sumo

808 1806 245 74 pro loganthum

827 1854 78 85 ud

953 1856 48 52 non

829 1923 202 57 supra, ubi

929 1885 110 59 atum

702 1980 367 76 thmos, qu subsractio

808 1946 257 74 inversos logari

694 2027 347 64 unica frum a quar

727 2063 326 86 tote constanti fiur

825 2103 242 57 trdinarius,

951 2144 90 66 re ver

899 2175 144 76 e fig. C

554 2503 30 50 s

534 2500 77 24 n

725 2462 62 112 b

551 2524 29 48 3

537 2543 290 88 erd cMb

551 2581 375 119 2s e d cb

3602 637 1084 133 De desrimento motus par ada Apil 1675

2667 713 414 85 Maesancie seriptotes

2691 817 1553 136 Mechanci scriptores plerique olim non nisi de quinque Machinis Fundamentalib

2686 881 1425 134 ut vocant loquebantur, vecte, cuneo Ape in sebitrochio, Trochlea

2698 946 1425 135 Cochlea: de Libra etiam et Hydrostaticis, quaedam ex Archimede

2701 1010 1519 131 petita adjiciebant. Caetera, id est potissimam negotii partem  industria

2694 1053 1514 133 atque experientiae artificum relinquebant. Primus Galilae

2729 1098 1472 140 gnum aliquid adjecit Archimedi, quod memoratu dignum esset: cum

2722 1150 1522 145 firmitates solidorum eb impelum illum, quem ex ipso motu ca tpi iea concipiunt

2672 1250 440 100 calulo subjetisset.

3245 1200 968 124 Nostristemporte Nostro compore Mathematei

2686 1250 1750 164 insignest laborant in Elatere penitus , quo in genere et a me observata quo

2710 1309 1413 148 prsuta sunt non pauca. Unum argumentum video intactum

2696 1357 1503 162 Geometris, calulo tamen inprimis dignum esse; quod Detrimentu

3640 1421 563 93 currus naves copso contactu

2703 1442 854 143 appello. Constat rotus, funes, naris no

2703 1473 1517 164 medii fandi axium, trochlearum, pavimenti, liquid medii liquidi, plurimum

2686 1545 1494 142 retardari; et e inanes eorum conatus a rerum natura deludis qui

2703 1595 1534 164 pcontects cornitum in punctisf vulgaribus Mechanicorum praeceptis

2691 1649 1536 152 freti calculo male subducto ingenta opera viribus non suffecturis aggredimntur

2703 1723 1434 152 Id ergo nunc agendum est sedulo, tum ut calculari possit hoc virium

2698 1780 1432 152 detrimentum, cum ut machinis quantumlicet emendatis, evitetur.

2667 1837 1517 164 Scimus ingeniosem extere cli Perralti Ba Barulco, qud

2670 1906 1398 145 commentaris ad Vitruvium adjecto,ingenti vircum lucro

2684 1942 1491 171 maximam detrimenti partem evitari; et antlia ingeniosi cujusda

2684 2013 1512 176 Jivenis adhibito Torricaliano invento summa facilitate aquam haurit;

2660 2077 1479 167 et curus qui planam ipse sibi viam substernit, nulla itiners

2658 2129 1474 160 asperitate retardatur; et libra haberi potest  tantae

2677 2263 228 111 subtilitalis

2917 2194 1220 135 utcujus summae sublilitati nihil omnino detera decedat

2962 2253 1180 117 attritu motus circa axem. Et dentrum Rotarum

2672 2296 1481 138 detrtatarum inventa est forma, quae ande cpendula reperta qua

2682 2341 1524 152 aequalis diffi ultate semper roturum a rti agendarum dens a dente aequali

2689 2398 1493 148 semper facilitate moveatur: quod utile fuisset tum inprimis cumpendulo

2677 2488 711 110 pendulorum usus ignoraretur.

3471 2446 756 104 Quanquam enim Aistoteles crederet

2703 2500 1448 143 hoc ma detrimenti vitium supra remadium esse; ostendunt tamen

2648 2553 1610 164 magis magisque ingenia seculi nostri esse de ulla re desperandum

2658 2614 1481 150 Et Quoniam tamen aertum est non posse mnem omnino attritum

2677 2676 1474 141 evitari: nam et projecta abr aere tardantur, et naves ab aqua

2665 2719 1500 171 et rotae ab axibus et funes ab orbiculis er orbiculi rotaeque ab axibus

2698 2786 1444 145 Ideo Detrimeniam celeritatis sub calculum vacari rei

2670 2855 1514 156 Mechanicae inter esse putavi. Reme frenne fitulet aggressus ta

2677 2926 1431 138 abstgusum reperi o profundam ut a non dam amplius mirarer

2651 2988 1571 140 intrecta Theoremata autem reperi expectatione pulchriora

2648 3045 1560 133 in ex quibus illud eminet: vi i ae quabilem, a medio homogeneo diminii

2684 3114 1598 135 progressione Aratmalica Guometrica cumi  progrossionem tem Geometricam

2665 3168 1981 131 nemo quod sciam hactens sptie quod ex hibuetisim rorumnatura, motu quodam physico

2672 3233 1510 121 Cujus nei Ratio est difficultatis, quod progestio Geomatrica solet crescere

2724 3292 1453 134 per interoalla. Gravium Arittmeli acceleratio triltumeticae sut est

547 3086 506 82 ibidendum tamen an quod dixi

549 3137 390 69 d summa summarum,

563 3171 466 73 verum sive crescant site

565 3223 459 62 demescant spatia temiora

570 3247 478 81 aut vires celelitates, au

592 3299 330 92 liorum crementas

970 2531 142 91 a) 4

1005 2586 107 81 5
