2004 2414
517 232 117 42 Stiu

705 155 781 123 obilissime et doctissime

578 268 922 99 fantor et amice conoratissime

301 804 1414 120 pro Cataligi Manuseriptorum Repterianorum

283 901 1506 107 communicatione multas gratias ego. Misi Berolinum

285 991 1425 120 ad eos qui vocietatis screntiarum illic curam

315 1058 1493 140 gerunt  sed nondum responsum tuli: itaque iderum

297 1205 302 89 quaesioi.

673 1152 1023 134 N idteo non omnes esse libros quos

289 1227 1499 163 Manuscriptos reliquit: nam Hipparchum kepteri

289 1319 1453 148 aliaque habuit Hevelius et ex iricendio servavit

470 1405 1319 166 Carphovium extinctum doeo vir fuit eximius

320 1546 492 100 et mihi amicus.

409 1565 1344 151 quid apud ves in re literaria agatur siscet

307 1669 1122 157 beneficio Tuo semper Ratissimum erit

422 1755 1302 158 Quid de Epristota mea sentias non expressis

433 1870 1333 132 Forstero Biblopolae nostrati commisi tum

307 1949 1412 140 ut expensam pro me pecuniam sibi reddat, tum

292 2049 1388 123 ut exemplum operis mei libi meo nomine

315 2132 982 118 oferat: utrumque factum spero
