1381 2066
394 131 11 53 s

339 161 277 75 abile est

629 150 148 86 inter

803 172 97 50 nD

944 158 327 76 puncta, ia

205 226 1076 98 absolute inter duo puncta fieri non poss

218 324 365 86 praeterea ex

591 300 679 95 definitione Restae non

213 373 1030 102 tantum ostendendum estduas recas, non

215 429 1090 111 comprehendere spatium, sed etiam duas rectas

220 491 1027 118 non posse habere partem commanem, seu us

211 562 995 104 melides loquitur segmentum commune.

220 602 1080 126 Itque adeo genetalite, ostendendum est duas rectas

225 665 1035 132 quae continuatione utsinque facta non coincidant,

214 798 76 34 Aen

222 812 91 61 quo

347 738 866 102 per duo puncta duci non posse.

320 793 982 121 in optimo et doctisimo viro On. Otone

196 864 1058 120 Meritenio amicum insignem perdidi ego,

221 928 1068 107 perdidit respublica literarico columen non vulgare.

219 990 942 109 pero tamen eximium ejus tilium laudeq

227 1046 1071 116 paternas nobis ut coepis repiaesentatorum

211 1111 1042 110 rum rogo ut data occasione a mesalutes

207 1160 1066 116 condolendi oficium meo nonineperagas et studia

221 1217 1002 105 ei meadeferas. pero Actorum faboretur

191 1277 966 98 intilissimum ipsius opera porso processurum.

320 1316 959 102 ogo etiam ut ingueras, utrum on. de schulem

218 1371 1056 109 summ Generalis pei pedestris vestrae praefectus, (neque

1092 1416 167 47 q

212 1440 1061 86 euim de fratie ejus Generali Majre quaero) ssit lipsiae aut

221 1487 1045 88 in laxonia, et s adest ex apsi (obsequiosissim a

221 1540 1067 92 salute a nt nuntiata) sin abestex on. Evunder

221 1590 1017 101 linus Bacario seu trapezita quaeras, an per

852 1641 169 35 svenera

221 1637 1060 106 aliquot septimanas in saxonia moratirus credatur

118 1705 1150 97 nop dole. vellem irereu nne tuum favorem aliquo

230 1760 1028 92 officio posse. interea vale, et me anta

220 1814 707 98 Vabam Berolini o Febr. 1707

138 1885 396 62 hogo iamo at A quae

623 1870 295 84 deditissimus

132 1927 385 66 res cidecaria oocere

598 1932 415 91 G. 5. Rerbnitius
