1381 2071
393 111 94 74 Vir

521 82 773 112 clarissime fautor et Amice

377 179 387 100 Honoratissime

223 324 972 102 quod quaedam a R. P. Longo Quaesita

252 421 461 85 Doces gratias aqu.

781 383 478 89 Dn. d. Maieus ut

256 456 978 113 video alibi quaerendus est. Recuperato

252 520 989 120 scrpto dongi ex ipsius manibus tentabi

260 583 989 126 simi aliorum doctissimorum verorum, sed

264 648 947 132 imprimas venerandi ittigio beneficio

438 719 825 126 definitione Rectae quod inter duo

883 805 74 31 es

321 799 974 119 inctasit brevissima in ipsum quod ascrmis

287 861 989 119 demonstrari petitur, brevissimam tanc

290 911 998 126 esse unicam. Hoc enim habito utique per se

286 977 1013 126 patet duas rectas spatium non comprehende

286 1053 1009 110 porro quo magis videas, demonstratione

290 1134 905 94 opus esse considerandum est aeque

291 1188 1014 116 revissimas plures, imo infinitas aliquando

293 1303 123 62 ap

440 1265 830 96 veluti in superficie sphaerica ubi

298 1319 964 112 inter duo quaedam puncta neape

279 1379 938 139 polos, infinitae tales duci possunt.

304 1463 958 107 tot scilicet quot sunt semicircumferen

283 1531 994 110 tio circulorum inagnorum per hos potos

284 1580 986 127 trauscuntium, seu semimeridianotum;

285 1655 983 112 quanm quelibet est via a poto ad potum

284 1700 988 140 qua brevior non datur ostendendum

302 1773 975 157 erga erat, quod in superficie sphaeni

1245 63 56 31 cu
