2004 2453
633 174 90 87 Vir

817 158 764 91 larissime. Faulor et Amice

643 261 329 78 honratissime

305 432 1475 139 Illustris veri Ehrenfridi U altheri Tchirahusii mortem ex literis

249 511 1523 145 tuis aliorumque amicorum non sine magno dolore meo intellexi.

260 585 1512 153 per didi ego amicum veterem, et praeclarum ftudiorum communium

252 701 522 112 ad jutorem. Perdidit

798 641 974 123 Respublica virum insignem, a quo multa

254 695 1534 197 praeclara expectabamus: quae utinam ne interciderent. Itaqu

263 775 1492 174 dandam operam censeo primum ne scripta dissipentur

245 839 1584 172 deinde ne machinae alitus apparatus disjiciantur. In homines etiam

264 893 1536 195 in quivendum censeo, quorum ille opera ad exequenda molimina utilia

857 955 950 157 ergo dresdae aut fueris imper,

264 1077 259 77 artebatur

714 1062 128 62 Cum

238 1031 1509 196 aut mox sis futurus potares caep conferre unt ps

1532 1163 136 68 suis.

275 1105 1547 212 poterimus abs E discere quid in eo genero sit sperandum i

822 1195 700 114 constituerit de scriptis operibusque

68 1261 729 132 n ieque qu uttima voluntate

1631 1266 145 80 Nescio

306 1201 1493 228 Filium habuit, quem ipse olim, quod memini in Galliam laxit. An

289 1291 1266 194 super sit ille, et patrisset nonnihil, nosse itidem velim.

298 1358 1464 213 quid de creditoribus spargitur. ego vero Regem et principem

304 1418 1495 210 onbernatorem non commissuros puto, ut tanto viri memorrae

696 1477 1125 162 Nec deero apud amicos in auta vestra potentes

291 1595 280 90 iujuria fiat.

847 1527 1017 162 ut in ea re non Regis minus, quam defuncti

287 1643 524 99 hortando, monendoque

883 1608 909 144 caeterum, si quid porro de hoc negotio

287 1723 211 88 dignitati

535 1700 274 72 consulatur.

286 1677 1550 188 comperies et mihi si gnificabis, plurimum adjicies caeteris tuae benevo

809 1807 146 76 quod

984 1733 835 157 superest vale et me ama dabam

272 1832 492 107 rentiae argumentis.

314 1881 754 129 srunsuigae 16 Novembj. 1708.

1738 165 80 59 2 8

1747 69 74 73 1c

1046 1948 322 107 deditissimus

1202 2132 472 105 . G. Letoeitrus
