1924 2271
494 29 69 58 s

422 75 50 53 E

540 73 84 64 od

587 97 49 35 e

430 141 105 36 v

580 127 41 62 Ed

535 157 72 37 d

435 165 72 52 Ch

561 185 94 95 si

1308 242 523 78 inutile des frattions

307 260 957 109 es

302 305 1575 139 et grandeurs irrationelles, et j'ay decouuerte une Methode generale

305 397 1567 144 pour mener les touchantes des lignes courbes Analytignes on autres

311 468 1441 147 qui a autant d'avantage sur toutes celles qui out este patle

302 577 652 124 publices jusque icy que celte

960 539 878 98 de Mons. Slusius a sur la methode

315 606 1530 156 de Messicurs Fermat et des Cartes et je trouue a propos de

321 683 1584 163 la publier a cause de la grande Elilite et etendue de cette matiere,

1248 748 630 108 se a juge estre la plus

320 816 907 125 que Mons. des Cartes luus meme appee

316 839 1571 157 litile partie da la geometrie, et dont il a sontraitte se plus de veniq

362 918 1491 156 bout. Mars pour in expliguer netenent et succinctenent je

324 968 1520 175 suis solige dintroduive de nouneaux caracteres et de leur donner

344 1039 1571 172 un algorithme nouneaux c'est a dire des regles tontes particulieres

336 1112 1556 176 pour leur addition sonstraction multiplication, dinision, extraction

334 1188 1512 172 des racines et solution des equations. Que i'expliguer ay ieis

325 1270 1516 160 aussi clairement qu'il me sera possible etp de faire en peu

344 1431 188 69 ilc mots

323 1373 1560 196 Methode Mons. Fermat a trouue le premiex une Methode

338 1439 1550 188 de Maxi qui pounvit estre rendue generale, pour menes les divites

374 1510 1480 180 qui touchent les lignes conbes analytiques. Mous. des Cartes a

354 1573 1535 179 sy est pris dun autre biais, mais le caleul qu'il prescrit est un peu

357 1628 1516 176 prolixe. Mons. Hudde a trouue un Atrege merveilleux eu multiptiant les

373 1691 1490 173 termes de l'equation par celles de la progre ssion arithumretiqus

340 1746 1543 174 il ne l'a publie que pour les os equations d'une sente inconnue:

650 1881 78 45 lac

357 1815 1476 169 quoxque qui il age eu pour clle celles de deux interminees

366 1959 337 82 indetermintes

830 1878 1056 130 est donc a Mons. Slusius que  le publac

369 1950 1520 148 en est oblige. Mais tontes ces Met et apres celque plusieurae, out crum

1339 1995 412 71 es methodes publices

378 2018 1518 148 que cette matiere estoit epuisee mais toutes tupposent que lequation

1223 2083 324 56 je parte, de celles

166 2095 1730 172 eou et purgee des quandens fractions et irrationelles dans lesquelles les
