<?xml version="1.0" encoding="UTF-8"?>
<alto xmlns:xsi="http://www.w3.org/2001/XMLSchema-instance"
      xmlns="http://www.loc.gov/standards/alto/ns-v4#"
      xsi:schemaLocation="http://www.loc.gov/standards/alto/ns-v4# http://www.loc.gov/standards/alto/v4/alto-4-2.xsd">
  <Description>
    <MeasurementUnit>pixel</MeasurementUnit>
    <sourceImageInformation>
      <fileName>img_LH_35_14_2_23r.jpg</fileName>
      
    </sourceImageInformation>
  </Description>
  
  <Tags>
    <OtherTag ID="BT16575" LABEL="MarginTextZone" DESCRIPTION="block type MarginTextZone"/><OtherTag ID="BT16576" LABEL="DamageZone" DESCRIPTION="block type DamageZone"/><OtherTag ID="BT16577" LABEL="DigitizationArtefactZone" DESCRIPTION="block type DigitizationArtefactZone"/><OtherTag ID="BT16578" LABEL="DropCapitalZone" DESCRIPTION="block type DropCapitalZone"/><OtherTag ID="BT16579" LABEL="GraphicZone" DESCRIPTION="block type GraphicZone"/><OtherTag ID="BT16581" LABEL="NumberingZone" DESCRIPTION="block type NumberingZone"/><OtherTag ID="BT16582" LABEL="QuireMarksZone" DESCRIPTION="block type QuireMarksZone"/><OtherTag ID="BT16583" LABEL="RunningTitleZone" DESCRIPTION="block type RunningTitleZone"/><OtherTag ID="BT16584" LABEL="SealZone" DESCRIPTION="block type SealZone"/><OtherTag ID="BT16585" LABEL="StampZone" DESCRIPTION="block type StampZone"/><OtherTag ID="BT27322" LABEL="text" DESCRIPTION="block type text"/><OtherTag ID="BT27323" LABEL="GraphicZone-formula-inline" DESCRIPTION="block type GraphicZone-formula-inline"/><OtherTag ID="BT27324" LABEL="GraphicZone-formula-complex" DESCRIPTION="block type GraphicZone-formula-complex"/><OtherTag ID="BT27325" LABEL="MainZone" DESCRIPTION="block type MainZone"/><OtherTag ID="BT27326" LABEL="GraphicZone-figure" DESCRIPTION="block type GraphicZone-figure"/><OtherTag ID="BT27327" LABEL="GraphicZone-formula-strikethrough" DESCRIPTION="block type GraphicZone-formula-strikethrough"/>
    <OtherTag ID="LT6926" LABEL="DefaultLine" DESCRIPTION="line type DefaultLine"/><OtherTag ID="LT6927" LABEL="HeadingLine" DESCRIPTION="line type HeadingLine"/><OtherTag ID="LT6928" LABEL="InterlinearLine" DESCRIPTION="line type InterlinearLine"/><OtherTag ID="LT11324" LABEL="default" DESCRIPTION="line type default"/>
  </Tags>
  
  <Layout>
    <Page WIDTH="2392"
          HEIGHT="3337"
          PHYSICAL_IMG_NR="92"
          ID="eSc_dummypage_">
      <PrintSpace HPOS="0"
                  VPOS="0"
                  WIDTH="2392"
                  HEIGHT="3337">
        
        <TextBlock HPOS="0"
                   VPOS="33"
                   WIDTH="2324"
                   HEIGHT="2946"
                   ID="r0"
                   TAGREFS="BT27325">
          <Shape><Polygon POINTS="1791 2911 2136 2874 2320 2843 2324 1207 2095 47 32 33 0 961 0 1444 36 1752 146 1905 179 1956 211 1912 243 1957 205 2016 162 2042 145 2100 149 2157 122 2162 85 2160 65 2203 50 2386 132 2343 155 2387 207 2331 356 2317 328 2441 455 2445 503 2641 515 2719 590 2735 669 2725 722 2716 890 2712 879 2958 1073 2979"/></Shape>
          
          
          <TextLine ID="eSc_line_26e969dd"
                    TAGREFS="LT11324"
                    BASELINE="124 142 719 118" 
                    HPOS="120"
                    VPOS="70"
                    WIDTH="599"
                    HEIGHT="100">
            <Shape><Polygon POINTS="124 170 274 153 294 161 315 170 317 170 318 170 380 168 459 150 489 144 498 148 513 155 515 155 517 155 576 142 580 142 600 155 602 155 604 155 671 157 673 157 674 157 719 133 719 118 715 72 641 70 639 70 637 70 636 70 624 77 597 94 485 98 445 88 402 79 400 79 398 79 363 94 341 103 300 98 213 87 211 87 209 87 120 109 124 142"/></Shape>
	    <String CONTENT="Rectema igitur neum est:"
                    HPOS="120"
                    VPOS="70"
                    WIDTH="599"
                    HEIGHT="100"
                    WC="0.9833951567610105"></String>
          </TextLine>

          
          
          <TextLine ID="eSc_line_10df8b2f"
                    TAGREFS="LT11324"
                    BASELINE="823 127 1570 100 1941 101 2084 88" 
                    HPOS="819"
                    VPOS="43"
                    WIDTH="1265"
                    HEIGHT="125">
            <Shape><Polygon POINTS="1913 53 1906 57 1783 59 1772 57 1735 45 1727 45 1696 59 1689 63 1602 63 1594 61 1539 43 1525 43 1496 63 1472 51 1470 51 1468 51 1466 51 1424 64 1366 46 1364 46 1362 46 1220 59 1027 57 1025 57 1023 57 1021 57 997 72 964 59 962 59 960 59 958 59 956 59 936 77 934 79 930 77 910 68 908 68 906 68 904 68 903 68 888 79 875 87 819 81 823 127 828 163 841 152 873 161 904 168 906 168 908 168 960 159 988 166 990 166 992 166 993 166 995 166 995 164 1006 155 1019 142 1064 137 1101 144 1103 144 1374 127 1425 139 1466 148 1468 148 1470 148 1472 148 1488 137 1513 124 1537 124 1566 133 1605 148 1607 148 1609 148 1665 146 1666 146 1668 146 1692 129 1700 122 1707 127 1724 142 1726 142 1728 142 1730 144 1791 144 1791 142 1826 140 1828 140 1830 140 1848 124 1856 116 1917 116 1928 120 1969 137 1971 137 1972 137 2060 133 2061 133 2063 133 2084 116 2084 88 2078 50 2017 51 2013 50 2006 46 1929 46"/></Shape>
	    <String CONTENT="elaqlibualle Dnobus gc puncta gravicu in"
                    HPOS="819"
                    VPOS="43"
                    WIDTH="1265"
                    HEIGHT="125"
                    WC="0.9067673325538635"></String>
          </TextLine>

          
          
          <TextLine ID="eSc_line_08d4fd20"
                    TAGREFS="LT11324"
                    BASELINE="33 218 1322 174 1911 176 2061 164" 
                    HPOS="31"
                    VPOS="124"
                    WIDTH="2030"
                    HEIGHT="128">
            <Shape><Polygon POINTS="33 218 33 246 226 252 228 252 289 239 320 233 365 237 407 241 409 241 445 235 504 224 547 231 597 241 598 241 600 241 602 241 621 229 636 220 656 228 663 231 665 231 667 231 712 226 769 220 793 224 841 233 843 233 941 231 1019 216 1075 207 1095 215 1114 222 1116 222 1199 224 1201 224 1203 224 1242 211 1270 200 1596 192 1629 200 1678 209 1679 209 1731 200 1776 207 1778 207 1780 207 1815 194 1915 203 1917 203 2061 185 2061 164 2056 126 1750 137 1737 135 1689 124 1687 124 1685 124 1659 137 1650 140 1607 139 1472 129 1470 129 1398 144 1379 148 1338 146 1216 140 1214 140 1125 153 1105 155 1090 153 1010 142 1008 142 936 159 932 159 930 159 893 146 891 146 890 146 817 159 778 150 776 150 775 150 773 150 726 161 437 159 435 159 357 176 348 177 343 176 294 163 292 163 291 163 289 163 231 179 224 183 161 183 157 181 133 172 131 172 129 172 38 185 31 207"/></Shape>
	    <String CONTENT="alicujus vectis rectilinei extremitate posita aequilibrum faciunt, si sint"
                    HPOS="31"
                    VPOS="124"
                    WIDTH="2030"
                    HEIGHT="128"
                    WC="0.9896540118230356"></String>
          </TextLine>

          
          
          <TextLine ID="eSc_line_92e1ab2c"
                    TAGREFS="LT11324"
                    BASELINE="37 305 1346 250 2011 231" 
                    HPOS="35"
                    VPOS="183"
                    WIDTH="1976"
                    HEIGHT="159">
            <Shape><Polygon POINTS="38 342 85 342 85 341 87 341 90 339 133 320 190 320 215 333 218 335 220 335 222 335 235 333 320 315 411 324 413 324 554 305 732 311 788 313 789 313 903 304 1030 294 1069 296 1110 300 1112 300 1114 300 1129 294 1151 287 1247 289 1255 289 1257 289 1262 289 1355 272 1503 268 1524 278 1526 278 1527 278 1529 278 1546 276 1661 261 2011 255 2011 231 2008 192 1974 183 1972 183 1971 183 1969 183 1967 183 1952 194 1948 196 1939 194 1900 187 1898 187 1896 187 1895 187 1878 198 1874 200 1774 202 1772 202 1754 190 1752 190 1750 190 1748 190 1746 190 1702 203 1698 205 1694 205 1652 185 1650 185 1648 185 1581 198 1550 189 1548 189 1546 189 1544 189 1466 211 1450 203 1448 203 1446 203 1444 203 1416 216 1253 216 1216 207 1214 207 1212 207 1210 207 1136 228 1134 228 1132 228 1097 218 1095 218 1094 218 1092 218 1058 231 1055 233 927 239 888 239 845 239 791 220 789 220 788 220 474 231 472 231 443 242 365 235 363 235 324 237 322 237 268 263 267 265 35 272 37 305"/></Shape>
	    <String CONTENT="eorum gravitates in ratione composita ex ratione distantiarum a"
                    HPOS="35"
                    VPOS="183"
                    WIDTH="1976"
                    HEIGHT="159"
                    WC="0.9890770524267166"></String>
          </TextLine>

          
          
          <TextLine ID="eSc_line_441a8334_b"
                    TAGREFS="LT11324"
                    BASELINE="51 378 1023 337 1366 315 1880 300 2145 301" 
                    HPOS="48"
                    VPOS="255"
                    WIDTH="2104"
                    HEIGHT="145">
            <Shape><Polygon POINTS="2124 268 2123 268 2097 259 2095 259 2093 259 2091 259 2069 270 2061 270 1972 265 1971 265 1969 265 1937 274 1778 255 1776 255 1655 285 1648 287 1563 287 1561 287 1464 266 1463 266 1177 279 1175 279 1095 304 1086 305 1079 304 1038 289 1036 289 1034 289 1032 289 980 304 934 292 932 292 930 292 928 292 880 311 873 313 865 311 845 302 843 302 841 302 765 313 630 296 628 296 443 309 441 309 394 326 385 329 367 328 315 320 313 320 239 331 202 337 192 333 150 315 148 315 146 315 48 337 51 378 51 400 359 400 361 400 391 389 420 380 474 387 524 393 526 393 528 393 550 383 576 374 648 380 676 381 678 381 710 378 788 367 873 372 988 378 990 378 1119 361 1205 352 1260 357 1335 363 1336 363 1338 363 1383 352 1414 344 1600 344 1718 344 1718 342 1767 337 1832 329 1932 331 2152 334 2138 266"/></Shape>
	    <String CONTENT="contro gravium directa, et centro aquratione distantiarum a centro suspensionis"
                    HPOS="48"
                    VPOS="255"
                    WIDTH="2104"
                    HEIGHT="145"
                    WC="0.9856147539766529"></String>
          </TextLine>

          
          
          <TextLine ID="eSc_line_c4cfc1c8"
                    TAGREFS="LT11324"
                    BASELINE="46 456 315 439" 
                    HPOS="42"
                    VPOS="396"
                    WIDTH="273"
                    HEIGHT="100">
            <Shape><Polygon POINTS="48 496 165 493 166 493 168 493 185 480 200 470 235 472 281 476 283 476 285 476 315 461 315 439 311 409 248 396 246 396 244 396 242 396 218 413 215 417 189 417 185 415 165 402 163 402 161 402 159 402 42 422 46 456"/></Shape>
	    <String CONTENT="reciproca"
                    HPOS="42"
                    VPOS="396"
                    WIDTH="273"
                    HEIGHT="100"
                    WC="0.9954164491759406"></String>
          </TextLine>

          
          
          <TextLine ID="eSc_line_4ea58afa"
                    TAGREFS="LT11324"
                    BASELINE="400 437 1220 394 2065 374" 
                    HPOS="396"
                    VPOS="317"
                    WIDTH="1669"
                    HEIGHT="152">
            <Shape><Polygon POINTS="400 469 478 467 480 467 550 444 602 444 623 457 624 457 626 457 628 457 747 439 940 450 941 450 1038 431 1136 443 1138 443 1197 430 1281 437 1283 437 1285 437 1286 437 1312 418 1507 424 1509 424 1511 424 1539 413 1628 424 1629 424 1731 400 1928 394 1995 409 1997 409 2065 407 2065 374 2061 328 2028 317 2026 317 2024 317 2023 317 1993 329 1971 341 1913 341 1893 333 1867 322 1865 322 1863 322 1728 326 1694 328 1692 328 1691 328 1674 339 1657 350 1431 359 1357 348 1310 342 1309 342 1307 342 1288 352 1268 361 1183 368 1121 355 1088 350 1086 350 1084 350 1051 359 982 376 882 370 880 370 739 385 708 368 699 365 697 365 695 365 615 372 509 381 396 380 400 437"/></Shape>
	    <String CONTENT="Et Hinc corollaria consequiuntur quorum veritas aliundem"
                    HPOS="396"
                    VPOS="317"
                    WIDTH="1669"
                    HEIGHT="152"
                    WC="0.991689647947039"></String>
          </TextLine>

          
          
          <TextLine ID="eSc_line_b23f5974"
                    TAGREFS="LT11324"
                    BASELINE="42 528 350 507 775 496 1286 459 2067 433" 
                    HPOS="40"
                    VPOS="393"
                    WIDTH="2027"
                    HEIGHT="166">
            <Shape><Polygon POINTS="96 550 296 550 357 550 357 548 359 548 368 546 428 526 567 535 574 535 576 535 584 535 687 517 873 519 875 519 877 519 912 506 947 517 962 520 964 520 966 520 967 520 969 520 977 515 1001 500 1153 496 1175 506 1183 507 1184 507 1186 507 1188 507 1199 504 1236 491 1340 496 1437 502 1438 502 1692 491 1694 491 1744 476 1780 465 1971 459 1989 463 2021 472 2023 472 2024 472 2026 472 2067 459 2067 433 2063 404 1954 406 1857 393 1856 393 1657 402 1583 418 1475 413 1474 413 1401 428 1383 431 1355 430 1225 420 1223 420 988 431 925 446 901 452 882 448 843 441 841 441 839 441 810 452 789 457 750 454 719 450 717 450 647 457 541 469 519 463 504 457 502 457 500 457 450 465 391 474 376 469 359 459 357 459 356 459 354 459 352 459 337 469 330 474 304 470 267 465 265 465 263 465 235 472 200 483 40 482 42 528 42 559"/></Shape>
	    <String CONTENT="comperta est. Nimirum in eq in Lcasu parallelismi linearum"
                    HPOS="40"
                    VPOS="393"
                    WIDTH="2027"
                    HEIGHT="166"
                    WC="0.9564668865039431"></String>
          </TextLine>

          
          
          <TextLine ID="eSc_line_4a01c858"
                    TAGREFS="LT11324"
                    BASELINE="48 606 489 576 2056 500" 
                    HPOS="42"
                    VPOS="457"
                    WIDTH="2014"
                    HEIGHT="171">
            <Shape><Polygon POINTS="48 628 346 622 389 613 461 598 526 608 565 611 567 611 569 611 585 604 611 591 717 585 773 595 778 595 780 595 789 595 851 582 878 589 897 595 899 595 901 595 903 595 917 587 943 574 1012 580 1014 580 1090 567 1153 576 1186 580 1188 580 1190 580 1192 580 1201 572 1218 563 1242 570 1259 576 1260 576 1262 576 1375 570 1377 570 1398 563 1424 554 1440 561 1453 567 1455 567 1457 567 1529 563 1531 563 1559 556 1613 541 1705 548 1718 548 1720 548 1730 546 1796 532 2054 532 2056 500 2054 469 1943 457 1941 457 1844 476 1824 482 1552 493 1540 489 1513 480 1511 480 1509 480 1425 494 1381 502 1361 496 1342 493 1340 493 1338 493 1307 500 1268 507 1240 502 1199 494 1197 494 1023 511 869 526 802 520 752 517 750 517 749 517 736 524 710 537 42 552 48 606"/></Shape>
	    <String CONTENT="directionis seu communis staticae, cum distantiae a centro gravium sint"
                    HPOS="42"
                    VPOS="457"
                    WIDTH="2014"
                    HEIGHT="171"
                    WC="0.9932524864102753"></String>
          </TextLine>

          
          
          <TextLine ID="eSc_line_65c1c11d"
                    TAGREFS="LT11324"
                    BASELINE="53 680 537 637 1084 619 2074 563" 
                    HPOS="50"
                    VPOS="515"
                    WIDTH="2024"
                    HEIGHT="189">
            <Shape><Polygon POINTS="53 704 252 704 254 704 296 691 352 674 547 665 593 672 643 682 645 682 647 682 680 667 710 656 747 663 767 667 769 667 771 667 788 661 819 650 916 652 1068 658 1069 658 1164 637 1186 632 1283 630 1285 630 1322 643 1323 643 1325 643 1327 643 1403 622 1407 622 1444 632 1446 632 1448 632 1450 632 1474 622 1505 632 1507 632 1509 632 1657 624 1659 624 1711 604 1726 598 1757 600 1826 606 1828 606 1830 606 1854 595 1863 589 2074 580 2074 563 2071 524 1998 515 1997 515 1995 515 1941 530 1832 526 1830 526 1717 543 1670 530 1668 530 1666 530 1665 530 1633 539 1598 533 1596 533 1594 533 1553 552 1552 554 1488 556 1425 543 1424 543 1422 543 1374 556 1231 554 1229 554 1227 554 1183 569 1066 563 1064 563 936 587 934 587 873 576 871 576 869 576 802 595 739 582 737 582 736 582 684 600 617 591 615 591 613 591 541 609 506 598 504 598 502 598 500 598 474 609 411 600 409 600 281 624 279 626 50 637 53 680"/></Shape>
	    <String CONTENT="infinitae, det inter se aequales jhoc est differentiam habentes differentibus incom"
                    HPOS="50"
                    VPOS="515"
                    WIDTH="2024"
                    HEIGHT="189"
                    WC="0.9488173206168485"></String>
          </TextLine>

          
          
          <TextLine ID="eSc_line_aac32436"
                    TAGREFS="LT11324"
                    BASELINE="1726 684 1898 678" 
                    HPOS="1724"
                    VPOS="645"
                    WIDTH="174"
                    HEIGHT="66">
            <Shape><Polygon POINTS="1835 645 1833 645 1819 658 1724 659 1726 684 1726 708 1896 711 1898 678 1895 656 1839 645 1837 645"/></Shape>
	    <String CONTENT="centrum"
                    HPOS="1724"
                    VPOS="645"
                    WIDTH="174"
                    HEIGHT="66"
                    WC="0.9865704689707074"></String>
          </TextLine>

          
          
          <TextLine ID="eSc_line_ff516873"
                    TAGREFS="LT11324"
                    BASELINE="50 752 547 711 1218 680 1501 658 1811 643 2032 645" 
                    HPOS="46"
                    VPOS="598"
                    WIDTH="1986"
                    HEIGHT="182">
            <Shape><Polygon POINTS="50 769 79 780 81 780 83 780 85 780 113 767 118 763 129 765 179 776 181 776 380 765 381 765 413 750 430 743 513 737 756 726 786 732 821 739 823 739 825 739 827 739 839 730 849 723 975 717 1010 721 1055 726 1056 726 1234 717 1236 717 1259 708 1268 706 1286 708 1333 711 1335 711 1336 711 1357 704 1370 698 1442 698 1529 700 1531 700 1533 700 1561 693 1598 684 1631 689 1633 689 1635 689 1637 689 1672 672 1928 659 2028 669 2032 645 2028 602 1832 602 1830 602 1828 602 1800 611 1694 598 1692 598 1691 598 1637 622 1635 624 1561 628 1552 626 1475 609 1474 609 1472 609 1442 619 1396 613 1394 613 1392 613 1353 630 1301 621 1299 621 1297 621 1253 634 1147 628 1145 628 1144 628 1073 652 1062 656 1051 654 969 637 967 637 773 648 771 648 723 669 682 663 680 663 678 663 652 676 650 676 647 676 572 659 571 659 569 659 500 684 498 684 426 669 424 669 422 669 376 687 272 687 270 687 268 687 250 698 241 702 231 698 207 689 205 689 203 689 202 689 172 702 165 706 46 708 50 752"/></Shape>
	    <String CONTENT="parabidem) restat sola ratio distantiarum a centro suspensionis reciproca"
                    HPOS="46"
                    VPOS="598"
                    WIDTH="1986"
                    HEIGHT="182"
                    WC="0.9911865518517691"></String>
          </TextLine>

          
          
          <TextLine ID="eSc_line_957e0838"
                    TAGREFS="LT11324"
                    BASELINE="1268 747 2128 708" 
                    HPOS="1264"
                    VPOS="669"
                    WIDTH="864"
                    HEIGHT="115">
            <Shape><Polygon POINTS="1268 767 1344 784 1346 784 1405 780 1407 780 1409 780 1431 763 1451 778 1453 778 1455 778 1457 778 1459 778 1518 756 1544 776 1546 776 1548 776 1550 776 1678 771 1679 771 1743 747 1743 745 1841 741 1846 741 1963 758 1965 758 2019 754 2021 754 2067 732 2097 747 2099 747 2100 747 2102 747 2104 747 2128 730 2128 708 2126 684 2047 669 2045 669 1924 674 1922 674 1885 691 1880 693 1807 693 1689 693 1687 693 1685 693 1683 693 1679 697 1672 704 1470 711 1435 706 1398 698 1396 698 1394 698 1392 698 1392 700 1383 706 1375 713 1349 708 1318 702 1316 702 1264 710 1268 747"/></Shape>
	    <String CONTENT="In casu, quo punctum suspensionis"
                    HPOS="1264"
                    VPOS="669"
                    WIDTH="864"
                    HEIGHT="115"
                    WC="0.9711300965511438"></String>
          </TextLine>

          
          
          <TextLine ID="eSc_line_8d704d46"
                    TAGREFS="LT11324"
                    BASELINE="42 823 274 813 669 778 1168 748" 
                    HPOS="38"
                    VPOS="708"
                    WIDTH="1130"
                    HEIGHT="155">
            <Shape><Polygon POINTS="42 823 44 863 87 862 89 862 90 862 90 860 101 850 114 860 116 860 118 860 120 860 207 854 209 854 211 854 237 837 300 836 315 847 317 847 318 847 320 847 539 832 541 832 552 828 623 804 917 795 1051 778 1166 782 1168 748 1162 719 1099 721 1097 721 1081 710 1079 710 1077 710 1075 710 1073 710 1071 710 1055 723 1053 724 962 730 954 728 901 708 899 708 897 708 895 708 893 708 862 728 763 719 762 719 760 719 758 719 747 728 734 719 732 719 730 719 728 719 515 734 513 734 458 750 396 769 324 763 322 763 320 763 318 763 305 776 202 782 178 773 176 773 174 773 172 773 124 786 85 767 79 765 77 765 76 765 46 769 38 786"/></Shape>
	    <String CONTENT="idem est in casu aequidi stantiae a centro gravium"
                    HPOS="38"
                    VPOS="708"
                    WIDTH="1130"
                    HEIGHT="155"
                    WC="0.9681748509407043"></String>
          </TextLine>

          
          
          <TextLine ID="eSc_line_c07de358"
                    TAGREFS="LT11324"
                    BASELINE="66 900 1064 817 1520 800 1972 773 2132 773" 
                    HPOS="61"
                    VPOS="717"
                    WIDTH="2071"
                    HEIGHT="219">
            <Shape><Polygon POINTS="68 930 81 936 83 936 85 936 87 936 89 936 101 926 109 921 215 913 267 915 344 917 346 917 348 917 367 908 389 897 524 897 547 897 548 897 550 897 559 895 626 878 684 882 686 882 687 882 717 867 943 852 1038 862 1069 865 1071 865 1073 865 1086 860 1131 837 1301 826 1383 839 1399 841 1401 841 1561 830 1563 830 1581 826 1639 812 1681 817 1683 817 1746 804 1781 812 1787 813 1789 813 1791 813 2132 787 2132 773 2126 723 2069 717 2067 717 2065 717 2032 730 2030 732 1835 745 1819 743 1768 737 1767 737 1765 737 1724 750 1707 756 1553 765 1524 763 1466 756 1464 756 1463 756 1461 756 1442 767 1437 771 1416 769 1381 767 1379 767 1322 776 1244 787 1162 786 990 782 988 782 815 800 814 800 784 810 762 817 747 813 712 802 710 802 708 802 509 817 508 817 478 830 448 843 417 834 396 828 394 828 393 828 391 828 370 837 339 850 302 841 283 837 281 837 61 856 66 900"/></Shape>
	    <String CONTENT="incidit in punctum collocatur in centra gravium oportet gravia esse mainitndine"
                    HPOS="61"
                    VPOS="717"
                    WIDTH="2071"
                    HEIGHT="219"
                    WC="0.9748624932916858"></String>
          </TextLine>

          
          
          <TextLine ID="eSc_line_b7f52429"
                    TAGREFS="LT11324"
                    BASELINE="18 958 292 952 667 921 1077 873 2195 830" 
                    HPOS="14"
                    VPOS="789"
                    WIDTH="2181"
                    HEIGHT="189">
            <Shape><Polygon POINTS="18 978 730 949 732 949 739 947 810 915 901 925 903 925 904 925 951 913 1005 917 1006 917 1008 917 1036 904 1249 904 1249 902 1411 886 1518 899 1520 899 1705 871 1770 884 1772 884 1841 880 1843 880 1896 862 1995 876 1997 876 2056 867 2195 875 2195 830 2189 800 2132 810 2099 804 2004 789 2002 789 1854 797 1852 797 1824 812 1767 800 1765 800 1654 828 1650 828 1648 828 1507 813 1505 813 1503 813 1440 832 1132 832 1131 832 1129 832 1066 850 1001 843 999 843 997 843 901 869 897 869 891 869 760 858 758 858 756 858 712 878 708 880 699 880 613 869 611 869 610 869 545 888 530 893 14 915 18 958"/></Shape>
	    <String CONTENT="on aqualia, nec momenta quicquam faciunt imo revera puncti suspensionis"
                    HPOS="14"
                    VPOS="789"
                    WIDTH="2181"
                    HEIGHT="189"
                    WC="0.9744978832526946"></String>
          </TextLine>

          
          
          <TextLine ID="eSc_line_375e2b57"
                    TAGREFS="LT11324"
                    BASELINE="691 978 1062 962 1403 932 2132 895" 
                    HPOS="689"
                    VPOS="854"
                    WIDTH="1443"
                    HEIGHT="147">
            <Shape><Polygon POINTS="691 1001 960 995 1017 984 1045 978 1071 980 1127 986 1129 986 1131 986 1171 975 1197 967 1216 971 1247 978 1249 978 1251 978 1253 978 1264 969 1266 967 1277 967 1331 973 1333 973 1335 973 1355 964 1366 958 1442 958 1542 958 1544 958 1546 958 1579 949 1600 945 1622 947 1692 954 1694 954 1882 932 1883 932 1967 939 1969 939 2021 936 2023 936 2024 936 2024 934 2039 921 2041 921 2047 921 2091 926 2093 926 2095 926 2132 915 2132 895 2130 865 2117 858 2115 858 2113 858 2112 858 2110 858 2056 871 2050 873 2048 873 2026 858 2024 858 2023 858 1969 854 1967 854 1965 854 1902 880 1896 882 1882 882 1700 867 1698 867 1696 867 1631 897 1628 897 1607 897 1529 897 1498 882 1496 882 1494 882 1492 882 1490 882 1472 899 1425 900 1375 886 1374 886 1372 886 1125 899 1123 899 1121 899 1095 921 1051 928 1051 930 1049 930 723 938 721 938 689 949 691 978"/></Shape>
	    <String CONTENT="nulla amplus ratio habetur; et quantum accedit tar"
                    HPOS="689"
                    VPOS="854"
                    WIDTH="1443"
                    HEIGHT="147"
                    WC="0.970139274597168"></String>
          </TextLine>

          
          
          <TextLine ID="eSc_line_43904719"
                    TAGREFS="LT11324"
                    BASELINE="100 1082 226 1067 478 1056" 
                    HPOS="94"
                    VPOS="1001"
                    WIDTH="384"
                    HEIGHT="105">
            <Shape><Polygon POINTS="100 1106 163 1095 189 1103 190 1103 192 1103 194 1103 196 1103 198 1103 220 1086 478 1080 478 1056 472 1001 94 1008 100 1082"/></Shape>
	    <String CONTENT="de le?"
                    HPOS="94"
                    VPOS="1001"
                    WIDTH="384"
                    HEIGHT="105"
                    WC="0.9925321837266287"></String>
          </TextLine>

          
          
          <TextLine ID="eSc_line_e6508d4a"
                    TAGREFS="LT11324"
                    BASELINE="530 1056 561 1056" 
                    HPOS="530"
                    VPOS="993"
                    WIDTH="31"
                    HEIGHT="97">
            <Shape><Polygon POINTS="530 1090 561 1090 561 1056 561 997 530 993 530 1056"/></Shape>
	    <String CONTENT="s"
                    HPOS="530"
                    VPOS="993"
                    WIDTH="31"
                    HEIGHT="97"
                    WC="0.9069989919662476"></String>
          </TextLine>

          
          
          <TextLine ID="eSc_line_d7879442"
                    TAGREFS="LT11324"
                    BASELINE="721 1051 2141 954" 
                    HPOS="717"
                    VPOS="902"
                    WIDTH="1424"
                    HEIGHT="176">
            <Shape><Polygon POINTS="2132 902 2082 915 2047 908 2037 906 2035 906 2034 906 2026 910 1974 928 1883 919 1882 919 1880 919 1876 919 1704 947 1659 934 1657 934 1655 934 1564 938 1563 938 1553 941 1483 962 1316 956 1294 956 1292 956 1290 956 1285 958 1236 980 1077 989 1053 973 1051 973 1049 973 1047 973 1045 973 1042 975 1017 988 997 976 995 976 993 976 992 976 956 980 775 1002 717 997 721 1051 723 1078 914 1077 982 1060 1001 1056 1012 1058 1049 1067 1051 1067 1053 1067 1162 1051 1207 1056 1208 1056 1210 1056 1238 1041 1242 1040 1244 1041 1264 1051 1266 1051 1268 1051 1270 1051 1296 1038 1301 1034 1570 1014 1581 1015 1622 1028 1624 1028 1626 1028 1628 1028 1665 1010 1668 1008 1733 1002 1739 1004 1765 1015 1767 1015 1768 1015 1952 1006 1954 1006 1956 1006 1984 988 1987 984 2047 982 2074 997 2076 997 2078 997 2080 997 2082 997 2082 995 2097 982 2106 989 2108 989 2110 989 2112 989 2113 989 2141 975 2141 954"/></Shape>
	    <String CONTENT="tum repellitur. Est tamen in hoc ex calculo dem"
                    HPOS="717"
                    VPOS="902"
                    WIDTH="1424"
                    HEIGHT="176"
                    WC="0.9732556089441827"></String>
          </TextLine>

          
          
          <TextLine ID="eSc_line_992fea41"
                    TAGREFS="LT11324"
                    BASELINE="124 1173 801 1104 2149 1014" 
                    HPOS="120"
                    VPOS="982"
                    WIDTH="2029"
                    HEIGHT="224">
            <Shape><Polygon POINTS="127 1206 211 1182 298 1184 300 1184 302 1184 356 1166 489 1179 500 1179 502 1179 623 1169 624 1169 634 1167 730 1138 810 1153 825 1154 827 1154 980 1140 1019 1134 1021 1134 1023 1134 1056 1112 1179 1106 1221 1117 1223 1117 1225 1117 1227 1117 1262 1099 1294 1106 1296 1106 1297 1106 1299 1106 1331 1091 1501 1080 1540 1093 1542 1093 1544 1093 1546 1093 1590 1078 1657 1086 1702 1090 1704 1090 1965 1069 1967 1069 1991 1058 2028 1041 2149 1045 2149 1014 2143 982 1813 1004 1676 997 1674 997 1672 997 1628 1017 1579 999 1577 999 1576 999 1470 1021 1429 1008 1427 1008 1425 1008 1424 1008 1370 1025 1231 1027 1229 1027 1114 1058 1017 1060 982 1045 980 1045 979 1045 977 1045 912 1062 854 1056 852 1056 851 1056 773 1082 773 1084 765 1084 717 1084 678 1065 676 1065 674 1065 558 1084 532 1075 530 1075 528 1075 424 1082 276 1099 274 1099 224 1123 222 1125 120 1130 124 1173"/></Shape>
	    <String CONTENT="Nando subtilis quaedam difficultas, nam sicentrum suspensionis fingamus"
                    HPOS="120"
                    VPOS="982"
                    WIDTH="2029"
                    HEIGHT="224"
                    WC="0.9924737483682767"></String>
          </TextLine>

          
          
          <TextLine ID="eSc_line_4ca58b56"
                    TAGREFS="LT11324"
                    BASELINE="1984 1145 2117 1147" 
                    HPOS="1982"
                    VPOS="1090"
                    WIDTH="135"
                    HEIGHT="81">
            <Shape><Polygon POINTS="1982 1162 2113 1171 2117 1147 2113 1114 2069 1116 2047 1101 2035 1091 2034 1091 2032 1091 1984 1090 1984 1145"/></Shape>
	    <String CONTENT="tuum"
                    HPOS="1982"
                    VPOS="1090"
                    WIDTH="135"
                    HEIGHT="81"
                    WC="0.8982200175523758"></String>
          </TextLine>

          
          
          <TextLine ID="eSc_line_74dc100b"
                    TAGREFS="LT11324"
                    BASELINE="1383 1195 1807 1171 2056 1175" 
                    HPOS="1379"
                    VPOS="1119"
                    WIDTH="677"
                    HEIGHT="104">
            <Shape><Polygon POINTS="2030 1147 2011 1147 1993 1147 1991 1141 1974 1143 1971 1141 1946 1119 1945 1119 1943 1119 1911 1119 1909 1119 1791 1143 1748 1153 1657 1151 1654 1147 1637 1132 1637 1130 1635 1130 1633 1130 1631 1130 1585 1132 1583 1132 1553 1147 1526 1162 1488 1162 1463 1149 1440 1138 1438 1138 1437 1138 1379 1149 1383 1195 1383 1223 1431 1223 1433 1223 1483 1203 1507 1212 1509 1212 1511 1212 1513 1212 1544 1199 1564 1212 1566 1212 1568 1212 1570 1212 1572 1212 1574 1212 1574 1210 1576 1210 1583 1201 1681 1203 1683 1203 1685 1203 1720 1192 1774 1199 1776 1199 1778 1199 1809 1190 1826 1203 1826 1205 1828 1205 1830 1205 1832 1205 1921 1192 1948 1203 1950 1203 1952 1203 2056 1199 2056 1175 2052 1147 2048 1147"/></Shape>
	    <String CONTENT="Hinc etiam preephremiore"
                    HPOS="1379"
                    VPOS="1119"
                    WIDTH="677"
                    HEIGHT="104"
                    WC="0.9138972610235214"></String>
          </TextLine>

          
          
          <TextLine ID="eSc_line_f79982d8"
                    TAGREFS="LT11324"
                    BASELINE="2073 1175 2258 1177 2323 1204" 
                    HPOS="2069"
                    VPOS="1132"
                    WIDTH="255"
                    HEIGHT="97">
            <Shape><Polygon POINTS="2277 1151 2264 1143 2212 1151 2204 1151 2201 1149 2165 1132 2163 1132 2162 1132 2112 1134 2110 1147 2091 1147 2073 1147 2073 1175 2069 1197 2086 1206 2087 1206 2089 1206 2091 1206 2093 1206 2099 1201 2106 1197 2117 1205 2128 1210 2143 1210 2143 1218 2145 1218 2147 1218 2184 1212 2230 1205 2319 1229 2324 1209 2324 1207 2323 1203 2308 1184 2291 1188"/></Shape>
	    <String CONTENT="DG non ga"
                    HPOS="2069"
                    VPOS="1132"
                    WIDTH="255"
                    HEIGHT="97"
                    WC="0.7568051616350809"></String>
          </TextLine>

          
          
          <TextLine ID="eSc_line_8e8790e7"
                    TAGREFS="LT11324"
                    BASELINE="133 1243 1055 1151 2026 1084 2128 1084" 
                    HPOS="129"
                    VPOS="1030"
                    WIDTH="1999"
                    HEIGHT="238">
            <Shape><Polygon POINTS="135 1268 250 1266 300 1256 387 1238 422 1245 439 1249 441 1249 443 1249 463 1242 519 1223 637 1227 648 1227 650 1227 652 1227 658 1225 721 1205 873 1193 949 1201 960 1201 962 1201 964 1201 967 1199 997 1182 1073 1177 1114 1186 1138 1192 1140 1192 1142 1192 1175 1180 1231 1162 1342 1156 1374 1164 1379 1166 1381 1166 1383 1166 1385 1166 1392 1162 1429 1147 1453 1158 1468 1164 1470 1164 1472 1164 1563 1156 1564 1156 1589 1145 1615 1134 1657 1140 1694 1145 1696 1145 1902 1127 1904 1127 1930 1117 1963 1103 2128 1099 2128 1084 2121 1030 2024 1030 2023 1030 2021 1030 1989 1043 1954 1060 1711 1078 1652 1073 1579 1067 1577 1067 1576 1067 1546 1082 1244 1095 1242 1095 1181 1116 1175 1119 1158 1119 956 1119 954 1119 953 1119 901 1138 875 1127 873 1127 871 1127 869 1127 827 1149 817 1154 760 1154 663 1156 600 1169 574 1173 548 1173 356 1169 354 1169 352 1169 287 1197 285 1199 129 1210 133 1243"/></Shape>
	    <String CONTENT="extra centrum gravium poni res non procedit. An ergo dicemus, cum nulla"
                    HPOS="129"
                    VPOS="1030"
                    WIDTH="1999"
                    HEIGHT="238"
                    WC="0.9727003675111583"></String>
          </TextLine>

          
          
          <TextLine ID="eSc_line_411baac8"
                    TAGREFS="LT11324"
                    BASELINE="226 1297 441 1271 1285 1199" 
                    HPOS="222"
                    VPOS="1158"
                    WIDTH="1063"
                    HEIGHT="165">
            <Shape><Polygon POINTS="228 1323 279 1323 279 1321 281 1321 302 1314 357 1295 530 1282 548 1290 550 1290 552 1290 554 1290 556 1290 567 1279 584 1286 598 1294 600 1294 602 1294 604 1294 654 1279 660 1279 665 1279 734 1282 736 1282 737 1282 791 1266 823 1256 841 1260 880 1269 882 1269 960 1262 962 1262 964 1262 980 1247 982 1245 982 1247 1001 1258 1003 1258 1005 1258 1006 1258 1008 1258 1010 1258 1010 1256 1025 1242 1075 1234 1095 1236 1151 1240 1153 1240 1155 1240 1157 1240 1157 1238 1158 1238 1166 1229 1168 1227 1173 1227 1197 1232 1199 1232 1285 1216 1285 1199 1281 1164 1194 1158 1192 1158 1190 1158 1140 1179 1131 1180 1125 1179 1084 1166 1082 1166 1081 1166 1025 1169 1023 1169 979 1192 973 1195 890 1201 888 1201 869 1192 867 1192 865 1192 864 1192 821 1206 815 1208 812 1208 776 1192 775 1192 773 1192 771 1192 721 1206 691 1199 689 1199 687 1199 686 1199 684 1199 660 1218 636 1206 634 1206 632 1206 630 1206 628 1206 613 1216 498 1216 496 1216 495 1216 493 1216 493 1218 469 1238 404 1229 402 1229 400 1229 343 1249 311 1236 309 1236 307 1236 305 1236 304 1236 272 1256 222 1260 226 1297"/></Shape>
	    <String CONTENT="ratio cur alibi, potius hic supponi debere."
                    HPOS="222"
                    VPOS="1158"
                    WIDTH="1063"
                    HEIGHT="165"
                    WC="0.9861977779588034"></String>
          </TextLine>

          
          
          <TextLine ID="eSc_line_f97fd951"
                    TAGREFS="LT11324"
                    BASELINE="126 1370 1036 1288 2143 1212" 
                    HPOS="122"
                    VPOS="1180"
                    WIDTH="2021"
                    HEIGHT="212">
            <Shape><Polygon POINTS="127 1392 309 1386 374 1371 446 1357 482 1364 489 1364 491 1364 506 1362 550 1349 648 1349 827 1347 921 1327 973 1314 1262 1294 1310 1295 1450 1299 1451 1299 1620 1286 1622 1286 1681 1264 1755 1258 1908 1243 1913 1245 1956 1258 1958 1258 1959 1258 2076 1251 2078 1251 2143 1225 2143 1212 2137 1180 1932 1195 1928 1195 1856 1186 1854 1186 1741 1210 1739 1210 1694 1192 1692 1192 1691 1192 1618 1195 1616 1195 1513 1225 1459 1219 1457 1219 1377 1238 1375 1238 1309 1219 1307 1219 1305 1219 1303 1219 1270 1236 1231 1227 1229 1227 1227 1227 1138 1232 1136 1232 1134 1232 1092 1260 984 1269 921 1273 919 1273 852 1255 851 1255 849 1255 762 1262 760 1262 710 1290 686 1292 660 1294 656 1294 537 1279 535 1279 534 1279 450 1308 370 1292 368 1292 291 1299 289 1299 222 1327 222 1329 122 1334 126 1370"/></Shape>
	    <String CONTENT="aliquod fermatii non esse verum. Gravia duo aequalia D et Gnon"
                    HPOS="122"
                    VPOS="1180"
                    WIDTH="2021"
                    HEIGHT="212"
                    WC="0.9873498303274955"></String>
          </TextLine>

          
          
          <TextLine ID="eSc_line_198eb7c4"
                    TAGREFS="LT11324"
                    BASELINE="1642 1395 1676 1395" 
                    HPOS="1642"
                    VPOS="1370"
                    WIDTH="34"
                    HEIGHT="51">
            <Shape><Polygon POINTS="1642 1370 1642 1395 1642 1416 1674 1421 1676 1395 1676 1371 1663 1370 1661 1370"/></Shape>
	    <String CONTENT="itu"
                    HPOS="1642"
                    VPOS="1370"
                    WIDTH="34"
                    HEIGHT="51"
                    WC="0.7351819177468618"></String>
          </TextLine>

          
          
          <TextLine ID="eSc_line_a88cfa76"
                    TAGREFS="LT11324"
                    BASELINE="27 1438 83 1440" 
                    HPOS="25"
                    VPOS="1405"
                    WIDTH="58"
                    HEIGHT="66">
            <Shape><Polygon POINTS="44 1405 27 1405 27 1438 25 1464 79 1471 83 1440 83 1407 48 1405 46 1412"/></Shape>
	    <String CONTENT="in"
                    HPOS="25"
                    VPOS="1405"
                    WIDTH="58"
                    HEIGHT="66"
                    WC="0.9946630895137787"></String>
          </TextLine>

          
          
          <TextLine ID="eSc_line_11124210"
                    TAGREFS="LT11324"
                    BASELINE="111 1440 597 1394 791 1384 947 1358 1216 1336 1967 1288 2154 1284" 
                    HPOS="105"
                    VPOS="1232"
                    WIDTH="2051"
                    HEIGHT="228">
            <Shape><Polygon POINTS="111 1460 389 1433 441 1438 443 1438 745 1416 747 1416 897 1383 1097 1370 1157 1377 1158 1377 1257 1358 1390 1368 1392 1368 1394 1368 1451 1342 1611 1332 1648 1344 1650 1344 1652 1344 1654 1344 1702 1327 1878 1321 1982 1305 2024 1318 2026 1318 2028 1318 2156 1312 2154 1284 2150 1245 2087 1232 2086 1232 2084 1232 2052 1249 2010 1238 2008 1238 2006 1238 2004 1238 1946 1258 1943 1258 1941 1258 1880 1247 1878 1247 1876 1247 1798 1268 1776 1273 1759 1271 1704 1260 1702 1260 1700 1260 1629 1279 1600 1288 1422 1299 1375 1295 1299 1290 1297 1290 1201 1297 1199 1297 1168 1310 1140 1319 1099 1314 1058 1308 1056 1308 1005 1319 943 1334 873 1331 871 1331 869 1331 841 1344 641 1357 574 1349 543 1345 541 1345 539 1345 526 1353 508 1360 404 1360 343 1360 341 1360 339 1360 322 1366 263 1384 198 1379 196 1379 194 1379 192 1379 178 1390 150 1377 144 1375 142 1375 140 1375 105 1379 111 1440"/></Shape>
	    <String CONTENT="odeffere nisi medium eorum incidat in centrum gravium. Nam etsi modo"
                    HPOS="105"
                    VPOS="1232"
                    WIDTH="2051"
                    HEIGHT="228"
                    WC="0.9876323754296583"></String>
          </TextLine>

          
          
          <TextLine ID="eSc_line_1005dcb9"
                    TAGREFS="LT11324"
                    BASELINE="96 1512 1056 1414 1440 1383 1969 1351 2132 1353" 
                    HPOS="92"
                    VPOS="1294"
                    WIDTH="2040"
                    HEIGHT="253">
            <Shape><Polygon POINTS="100 1547 148 1525 179 1536 181 1536 183 1536 185 1536 283 1510 411 1510 411 1509 537 1484 589 1494 591 1494 593 1494 613 1484 661 1501 680 1507 682 1507 684 1507 686 1507 734 1496 791 1481 847 1484 888 1488 890 1488 891 1488 917 1479 1029 1440 1327 1414 1442 1436 1451 1436 1453 1436 1455 1436 1461 1434 1518 1405 1596 1390 1644 1399 1648 1394 1666 1394 1676 1407 1687 1410 1689 1412 1731 1412 1761 1412 1761 1410 2132 1377 2132 1353 2124 1294 2008 1303 2006 1303 1974 1295 1972 1295 1971 1295 1969 1295 1917 1312 1911 1312 1908 1312 1819 1301 1817 1301 1815 1301 1743 1323 1704 1314 1702 1314 1700 1314 1698 1314 1650 1331 1613 1318 1611 1318 1609 1318 1516 1325 1442 1332 1440 1332 1438 1332 1407 1353 1272 1347 1270 1347 1142 1370 1105 1362 1103 1362 999 1371 997 1371 973 1384 901 1381 899 1381 897 1381 832 1408 830 1410 749 1416 747 1416 697 1399 695 1399 693 1399 691 1399 654 1420 582 1416 580 1416 578 1416 576 1416 552 1431 483 1431 482 1431 480 1431 478 1431 461 1442 458 1444 402 1447 241 1457 170 1447 168 1447 166 1447 165 1447 135 1470 92 1473 96 1512"/></Shape>
	    <String CONTENT="centrum gravium in rectum ipsam DGcadat, et amsi allerutum  cen po–"
                    HPOS="92"
                    VPOS="1294"
                    WIDTH="2040"
                    HEIGHT="253"
                    WC="0.9524744535560039"></String>
          </TextLine>

          
          
          <TextLine ID="eSc_line_70d892d6"
                    TAGREFS="LT11324"
                    BASELINE="878 1494 1475 1453 1759 1421 2093 1403" 
                    HPOS="875"
                    VPOS="1373"
                    WIDTH="1218"
                    HEIGHT="149">
            <Shape><Polygon POINTS="882 1522 919 1503 958 1516 979 1522 980 1522 982 1522 984 1522 1014 1510 1064 1492 1140 1499 1181 1503 1183 1503 1184 1503 1186 1503 1196 1496 1208 1505 1210 1505 1212 1505 1214 1505 1396 1492 1398 1492 1399 1492 1418 1481 1522 1483 1524 1483 1526 1483 1564 1462 1579 1455 1603 1459 1626 1462 1628 1462 1629 1462 1631 1462 1631 1460 1633 1460 1637 1457 1641 1451 1674 1453 1715 1455 1717 1455 1718 1455 1720 1455 1728 1447 1731 1444 1741 1447 1752 1451 1754 1451 1755 1451 1757 1451 1789 1444 1807 1438 1815 1440 1852 1457 1854 1457 1856 1457 1857 1457 1917 1433 1921 1429 1948 1429 1991 1429 2006 1438 2008 1438 2010 1438 2011 1438 2013 1438 2093 1416 2093 1403 2089 1375 1958 1388 1948 1384 1919 1373 1917 1373 1915 1373 1852 1377 1850 1377 1806 1395 1800 1397 1791 1397 1728 1388 1726 1388 1724 1388 1670 1405 1665 1407 1652 1407 1587 1405 1585 1405 1520 1416 1503 1420 1500 1418 1483 1412 1481 1412 1479 1412 1477 1412 1450 1421 1440 1425 1437 1423 1422 1412 1420 1412 1418 1412 1416 1412 1414 1412 1412 1412 1390 1427 1372 1412 1370 1412 1368 1412 1366 1412 1340 1414 1338 1414 1336 1414 1336 1416 1322 1433 1320 1434 1208 1444 1184 1444 1184 1442 1168 1429 1168 1427 1166 1427 1164 1427 1162 1427 1029 1436 990 1440 988 1440 986 1440 964 1457 927 1451 925 1451 923 1451 875 1464 878 1494"/></Shape>
	    <String CONTENT="sed ubi a punctis abiturq,e jam magnitu"
                    HPOS="875"
                    VPOS="1373"
                    WIDTH="1218"
                    HEIGHT="149"
                    WC="0.986823136989887"></String>
          </TextLine>

          
          
          <TextLine ID="eSc_line_5e42e6de"
                    TAGREFS="LT11324"
                    BASELINE="50 1573 654 1529" 
                    HPOS="48"
                    VPOS="1490"
                    WIDTH="606"
                    HEIGHT="111">
            <Shape><Polygon POINTS="72 1601 74 1601 76 1601 77 1601 131 1586 166 1598 168 1598 170 1598 172 1598 174 1598 174 1596 181 1590 196 1599 198 1599 200 1599 202 1599 393 1566 402 1564 407 1564 478 1579 480 1579 530 1575 532 1575 580 1551 582 1551 598 1562 600 1562 602 1562 604 1562 606 1562 654 1546 654 1529 650 1501 589 1490 587 1490 585 1490 584 1490 567 1505 565 1505 539 1496 537 1496 535 1496 534 1496 532 1496 521 1505 509 1496 509 1494 508 1494 506 1494 504 1494 502 1494 500 1494 485 1503 443 1499 441 1499 439 1499 413 1512 400 1520 356 1520 346 1516 333 1507 331 1507 330 1507 328 1507 326 1507 324 1507 311 1518 302 1525 279 1520 255 1512 254 1512 252 1512 250 1512 224 1522 203 1529 163 1525 127 1522 126 1522 124 1522 109 1527 76 1542 48 1531 50 1573 50 1592"/></Shape>
	    <String CONTENT="natur tamenqviescent."
                    HPOS="48"
                    VPOS="1490"
                    WIDTH="606"
                    HEIGHT="111"
                    WC="0.9655186533927917"></String>
          </TextLine>

          
          
          <TextLine ID="eSc_line_bc826b37"
                    TAGREFS="LT11324"
                    BASELINE="68 1648 537 1598 1589 1507 1759 1483 2113 1462" 
                    HPOS="63"
                    VPOS="1423"
                    WIDTH="2050"
                    HEIGHT="249">
            <Shape><Polygon POINTS="68 1666 148 1672 150 1672 152 1672 207 1655 233 1648 289 1648 409 1649 411 1649 413 1649 476 1631 539 1614 610 1620 619 1620 621 1620 623 1620 624 1620 624 1618 643 1609 728 1609 730 1609 732 1609 780 1594 823 1601 865 1609 867 1609 869 1609 895 1596 903 1590 980 1583 1006 1585 1064 1592 1066 1592 1273 1573 1275 1573 1309 1559 1348 1542 1487 1531 1539 1538 1559 1542 1561 1542 1563 1542 1579 1536 1615 1520 1752 1516 1867 1497 1924 1503 1926 1503 1928 1503 1991 1486 2026 1497 2048 1503 2050 1503 2052 1503 2113 1488 2113 1462 2108 1431 1971 1423 1969 1423 1967 1423 1965 1423 1933 1446 1915 1447 1900 1447 1898 1447 1776 1436 1774 1436 1772 1436 1698 1466 1448 1486 1414 1479 1412 1479 1411 1479 1409 1479 1374 1494 1329 1481 1327 1481 1325 1481 1266 1484 1264 1484 1262 1484 1242 1499 1208 1486 1207 1486 1205 1486 1066 1520 1021 1503 1019 1503 1017 1503 973 1507 817 1522 815 1522 734 1549 623 1546 621 1546 619 1546 574 1564 572 1566 511 1570 509 1570 435 1555 433 1555 432 1555 430 1555 404 1573 346 1562 344 1562 222 1579 220 1579 172 1599 170 1601 63 1609 68 1648"/></Shape>
	    <String CONTENT="conatus ad centrum gravium tendendi non sunt ut  gravia, nec corporium"
                    HPOS="63"
                    VPOS="1423"
                    WIDTH="2050"
                    HEIGHT="249"
                    WC="0.988365467105593"></String>
          </TextLine>

          
          
          <TextLine ID="eSc_line_7d223835"
                    TAGREFS="LT11324"
                    BASELINE="55 1712 305 1696 784 1638 1053 1622 1750 1557 2171 1529" 
                    HPOS="51"
                    VPOS="1470"
                    WIDTH="2120"
                    HEIGHT="268">
            <Shape><Polygon POINTS="57 1738 244 1731 246 1731 276 1722 309 1711 335 1716 341 1716 343 1716 344 1716 350 1714 391 1698 597 1681 645 1688 652 1688 654 1688 656 1688 663 1687 719 1670 830 1672 901 1672 903 1672 904 1672 934 1662 971 1649 1047 1651 1062 1651 1064 1651 1066 1651 1075 1649 1134 1633 1246 1633 1247 1633 1249 1633 1310 1616 1412 1618 1470 1620 1472 1620 1561 1605 1644 1592 1700 1592 1757 1594 1759 1594 1809 1583 1876 1568 1904 1575 1917 1577 1919 1577 1921 1577 1922 1577 1935 1572 1961 1559 2171 1549 2171 1529 2165 1477 2121 1470 2119 1470 2117 1470 2115 1470 2093 1483 2073 1496 1954 1496 1926 1497 1900 1501 1815 1516 1794 1510 1755 1501 1754 1501 1752 1501 1750 1501 1717 1518 1705 1525 1522 1544 1501 1538 1461 1529 1459 1529 1457 1529 1323 1540 1322 1540 1285 1559 1270 1568 1077 1585 1066 1581 1045 1572 1043 1572 1042 1572 973 1573 971 1573 927 1594 925 1594 917 1594 812 1586 810 1586 706 1612 504 1614 502 1614 396 1644 378 1648 363 1646 272 1636 270 1636 268 1636 267 1636 235 1655 202 1649 200 1649 198 1649 163 1666 153 1670 51 1675 55 1712"/></Shape>
	    <String CONTENT="vires ut magnitudenes, sed puncti cujusque momentum ex graeruli cheoremate"
                    HPOS="51"
                    VPOS="1470"
                    WIDTH="2120"
                    HEIGHT="268"
                    WC="0.9669090388594447"></String>
          </TextLine>

          
          
          <TextLine ID="eSc_line_59afb245"
                    TAGREFS="LT11324"
                    BASELINE="133 1781 521 1744 695 1718 1362 1668 1763 1624 2141 1611" 
                    HPOS="127"
                    VPOS="1564"
                    WIDTH="2014"
                    HEIGHT="241">
            <Shape><Polygon POINTS="135 1805 330 1779 359 1785 361 1785 363 1785 420 1766 552 1764 554 1764 556 1764 574 1751 591 1759 593 1759 595 1759 691 1737 897 1722 971 1731 973 1731 975 1731 1045 1711 1114 1712 1116 1712 1220 1696 1301 1705 1303 1705 1305 1705 1349 1692 1379 1701 1381 1701 1383 1701 1385 1701 1396 1700 1516 1677 1589 1685 1607 1685 1609 1685 1793 1672 1794 1672 1815 1664 1883 1640 1998 1633 2076 1642 2104 1646 2106 1646 2141 1636 2141 1611 2134 1564 2023 1566 2021 1566 2000 1575 1965 1590 1926 1581 1911 1579 1909 1579 1908 1579 1896 1585 1870 1596 1819 1590 1770 1586 1768 1586 1577 1599 1576 1599 1537 1614 1507 1627 1481 1620 1448 1611 1446 1611 1444 1611 1374 1616 1372 1616 1340 1633 1322 1642 1236 1642 1223 1642 1221 1642 1212 1644 1164 1655 1142 1649 1099 1638 1097 1638 1095 1638 969 1653 967 1653 930 1668 910 1675 882 1672 821 1664 819 1664 817 1664 778 1681 763 1688 704 1690 699 1688 673 1677 671 1677 669 1677 667 1677 665 1677 643 1692 634 1700 598 1700 589 1698 548 1687 547 1687 545 1687 543 1687 495 1705 485 1709 480 1707 456 1700 454 1700 452 1700 450 1700 448 1700 432 1711 424 1716 246 1729 242 1727 228 1722 226 1722 224 1722 127 1737 133 1781"/></Shape>
	    <String CONTENT="Asqueri debet. Et primum quaerendum momentum rectae, et plani et"
                    HPOS="127"
                    VPOS="1564"
                    WIDTH="2014"
                    HEIGHT="241"
                    WC="0.9913055608049035"></String>
          </TextLine>

          
          
          <TextLine ID="eSc_line_f073eca6"
                    TAGREFS="LT11324"
                    BASELINE="163 1857 359 1840 504 1811 817 1783 1064 1750 1370 1733 1961 1677 2163 1670" 
                    HPOS="157"
                    VPOS="1618"
                    WIDTH="2006"
                    HEIGHT="254">
            <Shape><Polygon POINTS="163 1872 252 1853 463 1848 476 1846 478 1846 480 1846 537 1826 652 1829 656 1829 658 1829 660 1829 721 1805 776 1818 778 1818 780 1818 865 1792 904 1805 906 1805 908 1805 910 1805 912 1805 945 1783 1190 1772 1192 1772 1249 1757 1299 1768 1301 1768 1411 1761 1431 1759 1433 1759 1479 1742 1590 1744 1592 1744 1594 1744 1596 1744 1598 1744 1620 1727 1793 1727 1796 1727 1796 1725 1798 1725 1800 1725 1820 1712 1913 1712 1913 1711 1915 1711 1961 1692 2160 1692 2163 1670 2158 1627 2080 1625 2078 1625 2076 1625 2074 1625 2056 1636 2006 1618 2004 1618 2002 1618 2000 1618 1963 1629 1895 1625 1893 1625 1891 1625 1811 1661 1552 1670 1448 1687 1418 1674 1416 1674 1414 1674 1412 1674 1336 1703 1277 1707 1207 1688 1205 1688 1203 1688 979 1720 838 1722 836 1722 736 1757 734 1757 639 1742 637 1742 554 1748 552 1748 550 1748 524 1768 456 1783 452 1783 450 1783 402 1766 400 1766 398 1766 396 1766 350 1781 292 1774 291 1774 289 1774 216 1805 157 1809 163 1857"/></Shape>
	    <String CONTENT="e dle cubi et quadrati et cubi, quia his compleatur aliae figure."
                    HPOS="157"
                    VPOS="1618"
                    WIDTH="2006"
                    HEIGHT="254"
                    WC="0.9702195736078115"></String>
          </TextLine>

          
          
          <TextLine ID="eSc_line_6bad9728"
                    TAGREFS="LT11324"
                    BASELINE="139 1896 343 1883 576 1850 914 1826 1075 1800 1752 1751 2260 1727" 
                    HPOS="131"
                    VPOS="1688"
                    WIDTH="2129"
                    HEIGHT="219">
            <Shape><Polygon POINTS="335 1844 324 1844 291 1846 279 1848 261 1850 242 1852 224 1853 205 1855 187 1855 168 1857 166 1855 131 1857 134 1889 146 1905 147 1907 480 1894 554 1881 725 1852 762 1865 763 1865 765 1865 767 1865 819 1842 912 1853 914 1853 1081 1822 1355 1814 1357 1814 1396 1801 1444 1811 1446 1811 1448 1811 1500 1792 1654 1783 1774 1790 1776 1790 1778 1790 1839 1770 2048 1781 2058 1781 2060 1781 2061 1781 2065 1779 2108 1768 2260 1768 2260 1727 2256 1698 2067 1688 2065 1688 2063 1688 2006 1711 1943 1700 1941 1700 1646 1718 1644 1718 1618 1731 1477 1731 1475 1731 1474 1731 1409 1748 1233 1748 1231 1748 1229 1748 1199 1763 1149 1753 1147 1753 906 1800 884 1805 849 1805 682 1805 680 1805 678 1805 637 1820 636 1820 634 1820 572 1811 571 1811 569 1811 567 1811 541 1827 356 1840 354 1842"/></Shape>
	    <String CONTENT="qvanquam nec hoc necesse sit, quie sunt tunc cautum rectis, quadratis planis infinite patois opus"
                    HPOS="131"
                    VPOS="1688"
                    WIDTH="2129"
                    HEIGHT="219"
                    WC="0.9737853315687671"></String>
          </TextLine>

          
          
          <TextLine ID="eSc_line_2e92763d_a"
                    TAGREFS="LT11324"
                    BASELINE="233 1942 561 1918 737 1890 884 1881 1290 1833 1800 1807" 
                    HPOS="150"
                    VPOS="1766"
                    WIDTH="1650"
                    HEIGHT="190">
            <Shape><Polygon POINTS="289 1942 328 1950 330 1950 474 1929 509 1941 511 1941 513 1941 515 1941 530 1939 602 1926 674 1926 693 1926 695 1926 697 1926 704 1924 763 1903 782 1911 784 1911 786 1911 897 1892 956 1902 958 1902 960 1902 966 1902 1103 1876 1168 1881 1170 1881 1247 1865 1272 1876 1277 1877 1279 1877 1281 1877 1392 1868 1394 1868 1403 1865 1425 1853 1474 1859 1490 1859 1492 1859 1800 1829 1800 1807 1796 1776 1668 1766 1666 1766 1665 1766 1589 1792 1585 1792 1579 1792 1516 1787 1514 1787 1425 1798 1399 1789 1398 1789 1396 1789 1394 1789 1349 1801 1333 1794 1331 1794 1329 1794 992 1822 990 1822 945 1839 921 1850 797 1857 782 1852 775 1848 773 1848 771 1848 769 1848 754 1853 719 1865 687 1857 656 1852 654 1852 652 1852 650 1852 639 1861 624 1872 587 1865 571 1863 569 1863 541 1868 470 1885 396 1879 391 1879 389 1879 387 1879 385 1879 359 1894 276 1890 274 1890 272 1890 244 1905 150 1912 179 1956 211 1912 238 1950"/></Shape>
	    <String CONTENT="Fnomatum eptet esse poncem recisuvce uangulos modo explicato"
                    HPOS="150"
                    VPOS="1766"
                    WIDTH="1650"
                    HEIGHT="190"
                    WC="0.9070805167158444"></String>
          </TextLine>

          
          
          <TextLine ID="eSc_line_2832e61c_a"
                    TAGREFS="LT11324"
                    BASELINE="218 1995 912 1953 1038 1929 1433 1890 2158 1840" 
                    HPOS="214"
                    VPOS="1792"
                    WIDTH="1944"
                    HEIGHT="228">
            <Shape><Polygon POINTS="476 1926 458 1928 439 1928 420 1929 402 1931 383 1933 365 1933 346 1935 328 1937 309 1937 296 1941 242 1955 242 1955 243 1957 214 2002 226 2004 298 2020 300 2020 673 1994 674 1994 712 1974 752 1981 754 1981 834 1970 873 1979 875 1979 877 1979 1071 1966 1073 1966 1123 1941 1246 1942 1247 1942 1249 1942 1251 1942 1273 1929 1292 1916 1474 1905 1500 1913 1513 1916 1514 1916 1516 1916 1581 1907 1685 1890 1717 1896 1733 1900 1735 1900 1874 1894 1876 1894 1902 1883 1928 1872 2158 1865 2158 1840 2152 1792 1869 1809 1867 1809 1843 1816 1791 1833 1759 1824 1743 1818 1741 1818 1739 1818 1698 1822 1696 1822 1679 1829 1633 1852 1564 1839 1540 1835 1539 1835 1537 1835 1507 1844 1414 1872 1335 1872 1294 1861 1260 1852 1259 1852 1257 1852 1188 1857 1186 1857 1151 1872 1138 1877 1116 1876 1049 1866 1047 1866 1045 1866 995 1885 934 1909 572 1924 571 1924 569 1924 556 1933 509 1924 504 1922 495 1924"/></Shape>
	    <String CONTENT="t sequitur hobervallus ratiocinatum qua Epistola et ratiocinatio"
                    HPOS="214"
                    VPOS="1792"
                    WIDTH="1944"
                    HEIGHT="228"
                    WC="0.9718860913999379"></String>
          </TextLine>

          
          
          <TextLine ID="eSc_line_2832e61c_b"
                    TAGREFS="LT11324"
                    
                    HPOS="175"
                    VPOS="1948"
                    WIDTH="10"
                    HEIGHT="8">
            <Shape><Polygon POINTS="181 1948 175 1949 179 1956 185 1948"/></Shape>
	    <String CONTENT=""
                    HPOS="175"
                    VPOS="1948"
                    WIDTH="10"
                    HEIGHT="8"></String>
          </TextLine>

          
          
          <TextLine ID="eSc_line_5eb8e213_a"
                    TAGREFS="LT11324"
                    BASELINE="154 2068 799 2020 912 1998 1470 1957 1822 1922 2165 1907" 
                    HPOS="147"
                    VPOS="1852"
                    WIDTH="2018"
                    HEIGHT="241">
            <Shape><Polygon POINTS="782 1963 763 1963 758 1963 721 1978 695 1989 604 1989 543 1989 541 1989 539 1989 537 1989 530 1994 519 2002 322 2015 313 2013 228 1996 226 1996 224 1996 216 1998 205 2016 162 2042 147 2093 394 2067 422 2072 428 2074 430 2074 432 2074 795 2048 797 2048 799 2048 810 2039 836 2022 919 2015 1110 2015 1118 2013 1119 2013 1147 2000 1179 2007 1214 2017 1216 2017 1218 2017 1316 2009 1318 2009 1320 2009 1342 1994 1349 1989 1372 1991 1401 1994 1403 1994 1490 1981 1561 1970 1574 1974 1605 1985 1607 1985 1609 1985 1611 1985 1650 1966 1665 1961 1676 1965 1700 1974 1702 1974 1704 1974 1785 1972 1870 1965 1872 1965 1928 1942 1937 1941 1956 1941 2021 1944 2023 1944 2024 1944 2026 1944 2043 1933 2045 1931 2165 1922 2165 1907 2156 1852 2128 1863 2087 1857 2082 1857 2080 1857 2078 1857 2074 1859 2030 1876 1976 1866 1967 1866 1965 1866 1963 1866 1958 1868 1915 1889 1856 1877 1841 1876 1839 1876 1837 1876 1824 1881 1765 1903 1691 1892 1663 1889 1661 1889 1355 1920 1316 1915 1314 1915 1312 1915 1275 1929 1262 1933 1238 1931 1197 1929 1196 1929 1194 1929 1175 1937 1140 1955 992 1955 990 1955 988 1955 940 1968 869 1965 801 1959 801 1961"/></Shape>
	    <String CONTENT="dam examinemus; sit Cc Quia si potentiae B et eaequales, et ongali"
                    HPOS="147"
                    VPOS="1852"
                    WIDTH="2018"
                    HEIGHT="241"
                    WC="0.9784407705971689"></String>
          </TextLine>

          
          
          <TextLine ID="eSc_line_8b5b549d"
                    TAGREFS="LT11324"
                    BASELINE="917 2035 1017 2033" 
                    HPOS="916"
                    VPOS="1991"
                    WIDTH="101"
                    HEIGHT="70">
            <Shape><Polygon POINTS="990 1992 971 1994 953 1996 934 1998 916 1998 917 2035 919 2059 960 2050 1014 2061 1017 2033 1012 1991 1008 1992"/></Shape>
	    <String CONTENT="A"
                    HPOS="916"
                    VPOS="1991"
                    WIDTH="101"
                    HEIGHT="70"
                    WC="0.9999585151672363"></String>
          </TextLine>

          
          
          <TextLine ID="eSc_line_f8e9fafd_a"
                    TAGREFS="LT11324"
                    BASELINE="147 2129 1032 2074 1207 2044 1394 2030 1739 1985 2023 1966 2199 1965" 
                    HPOS="144"
                    VPOS="1918"
                    WIDTH="2055"
                    HEIGHT="240">
            <Shape><Polygon POINTS="997 2035 979 2035 960 2035 941 2035 940 2035 930 2042 652 2061 578 2044 576 2044 574 2044 521 2057 448 2052 446 2052 445 2052 443 2052 402 2080 343 2083 291 2068 289 2068 287 2068 285 2068 235 2091 157 2068 154 2068 145 2100 149 2157 144 2158 367 2135 385 2141 391 2143 393 2143 394 2143 396 2143 407 2139 456 2122 589 2124 660 2124 661 2124 1084 2093 1086 2093 1116 2080 1129 2074 1155 2076 1197 2080 1199 2080 1201 2080 1223 2070 1240 2063 1268 2067 1297 2070 1299 2070 1353 2059 1464 2033 2199 1987 2199 1965 2193 1918 2026 1929 2024 1929 2023 1929 1991 1944 1971 1939 1969 1939 1967 1939 1895 1953 1717 1953 1715 1953 1713 1953 1654 1974 1444 1972 1431 1972 1429 1972 1427 1972 1424 1972 1370 1991 1353 1985 1351 1985 1349 1985 1348 1985 1296 2011 1231 2007 1229 2007 1094 2031 1016 2031 1016 2035"/></Shape>
	    <String CONTENT="Drrectione ad vectam E, dBAegiaes eut vis aqualis  in aquilibruo seu opposita"
                    HPOS="144"
                    VPOS="1918"
                    WIDTH="2055"
                    HEIGHT="240"
                    WC="0.9789265897366908"></String>
          </TextLine>

          
          
          <TextLine ID="eSc_line_cf1c1a0b"
                    TAGREFS="LT11324"
                    BASELINE="67 2200 435 2165 773 2146 1116 2106 1372 2089 1707 2041 2277 2004" 
                    HPOS="64"
                    VPOS="1957"
                    WIDTH="2214"
                    HEIGHT="265">
            <Shape><Polygon POINTS="1014 2076 997 2078 953 2081 676 2115 656 2111 623 2104 621 2104 619 2104 582 2118 578 2118 576 2118 535 2106 521 2107 508 2107 483 2109 465 2111 459 2111 328 2143 305 2146 296 2144 270 2141 268 2141 267 2141 248 2150 241 2154 82 2165 65 2203 64 2215 64 2222 157 2202 203 2213 222 2217 224 2217 333 2202 526 2176 582 2182 608 2183 610 2183 750 2167 897 2150 927 2152 954 2154 956 2154 990 2146 1106 2120 1151 2130 1153 2130 1155 2130 1179 2118 1259 2124 1272 2124 1273 2124 1450 2111 1451 2111 1464 2107 1526 2083 1774 2063 1828 2076 1835 2078 1837 2078 1839 2078 1841 2078 1854 2074 1926 2050 2065 2050 2067 2050 2069 2050 2119 2033 2278 2037 2277 2004 2269 1957 2210 1961 2208 1961 2204 1963 2160 1985 2110 1972 2102 1970 2100 1970 2099 1970 1711 2004 1709 2004 1707 2004 1696 2011 1685 2018 1622 2018 1516 2020 1514 2020 1488 2031 1448 2048 1396 2041 1372 2037 1370 2037 1368 2037 1353 2044 1320 2059 1247 2054 1231 2054 1229 2054 1227 2054 1216 2057 1168 2074 1021 2074 1021 2076"/></Shape>
	    <String CONTENT="at in Bet F dupla. si brachia inaequalia et antali aequales, ut et potetitia effectus erit maqualis"
                    HPOS="64"
                    VPOS="1957"
                    WIDTH="2214"
                    HEIGHT="265"
                    WC="0.9684702549317871"></String>
          </TextLine>

          
          
          <TextLine ID="eSc_line_da891be4"
                    TAGREFS="LT11324"
                    BASELINE="70 2254 687 2206 1707 2107 2115 2080 2202 2081" 
                    HPOS="66"
                    VPOS="2018"
                    WIDTH="2136"
                    HEIGHT="264">
            <Shape><Polygon POINTS="70 2269 107 2282 109 2282 111 2282 113 2282 155 2263 163 2259 172 2261 202 2267 203 2267 205 2267 231 2256 244 2252 257 2254 287 2259 289 2259 291 2259 328 2248 352 2243 387 2245 439 2246 441 2246 443 2246 445 2246 456 2239 461 2235 478 2237 513 2241 515 2241 517 2241 543 2232 548 2230 554 2232 576 2239 578 2239 580 2239 582 2239 615 2226 632 2220 656 2222 699 2228 700 2228 702 2228 747 2215 791 2204 825 2209 865 2217 867 2217 869 2217 904 2204 916 2200 958 2200 1077 2200 1077 2198 1197 2185 1199 2185 1210 2180 1231 2169 1283 2174 1312 2176 1314 2176 1316 2176 1338 2169 1394 2152 1466 2159 1475 2159 1477 2159 1479 2159 1487 2157 1553 2137 1603 2148 1624 2152 1626 2152 1628 2152 1648 2144 1711 2122 1731 2130 1733 2130 1735 2130 1737 2130 1798 2115 1876 2118 1878 2118 1880 2118 1922 2104 2011 2117 2021 2117 2023 2117 2202 2100 2202 2081 2195 2018 2115 2026 2113 2026 2060 2050 1919 2048 1917 2048 1915 2048 1850 2068 1737 2063 1707 2061 1705 2061 1518 2078 1516 2078 1492 2085 1431 2106 1340 2104 1338 2104 1336 2104 1335 2104 1316 2117 1255 2117 1220 2111 1186 2107 1184 2107 1014 2122 1012 2122 980 2135 949 2150 630 2178 548 2178 545 2178 517 2167 515 2167 513 2167 511 2167 432 2189 426 2189 422 2189 367 2182 365 2182 363 2182 330 2198 315 2206 220 2213 196 2211 114 2202 113 2202 111 2202 66 2220 70 2254"/></Shape>
	    <String CONTENT="et pro mmori pracio major. suppoint praete rea autor noster siit Si eadam"
                    HPOS="66"
                    VPOS="2018"
                    WIDTH="2136"
                    HEIGHT="264"
                    WC="0.974095397616086"></String>
          </TextLine>

          
          
          <TextLine ID="eSc_line_09e3e670"
                    TAGREFS="LT11324"
                    BASELINE="2011 2278 2084 2274" 
                    HPOS="2010"
                    VPOS="2237"
                    WIDTH="74"
                    HEIGHT="58">
            <Shape><Polygon POINTS="2011 2295 2084 2295 2084 2274 2078 2237 2010 2246 2011 2278"/></Shape>
	    <String CONTENT="n"
                    HPOS="2010"
                    VPOS="2237"
                    WIDTH="74"
                    HEIGHT="58"
                    WC="0.787818431854248"></String>
          </TextLine>

          
          
          <TextLine ID="eSc_line_296d3d20_a"
                    TAGREFS="LT11324"
                    BASELINE="66 2322 482 2282 802 2261 1032 2232 1412 2204 1802 2163 2213 2143" 
                    HPOS="61"
                    VPOS="2104"
                    WIDTH="2154"
                    HEIGHT="248">
            <Shape><Polygon POINTS="68 2352 122 2348 132 2343 134 2347 196 2343 207 2331 247 2327 257 2321 338 2319 356 2317 356 2318 467 2315 469 2315 502 2300 637 2302 639 2302 641 2302 706 2283 760 2289 762 2289 763 2289 804 2278 904 2285 906 2285 908 2285 910 2285 958 2263 1060 2267 1062 2267 1064 2267 1066 2267 1092 2250 1192 2243 1431 2232 1461 2239 1463 2239 1464 2239 1466 2239 1505 2217 1583 2211 1646 2217 1648 2217 1722 2200 1787 2213 1789 2213 1791 2213 1826 2198 1852 2207 1854 2207 1856 2207 1857 2207 1902 2193 2215 2178 2213 2143 2208 2107 2019 2118 1961 2104 1959 2104 1958 2104 1807 2117 1806 2117 1748 2137 1666 2128 1665 2128 1663 2128 1637 2141 1507 2143 1505 2143 1475 2157 1418 2148 1416 2148 1342 2156 1340 2156 1309 2170 1294 2178 1270 2174 1218 2165 1216 2165 1214 2165 1153 2182 1095 2198 1032 2191 1025 2191 1023 2191 1021 2191 1019 2191 1003 2202 980 2196 979 2196 977 2196 739 2228 658 2217 634 2215 632 2215 630 2215 619 2220 584 2237 530 2233 528 2233 526 2233 489 2250 176 2274 61 2261 66 2322"/></Shape>
	    <String CONTENT="sit potentia linea directionis e centrum librae nicil referre quod sit bradim"
                    HPOS="61"
                    VPOS="2104"
                    WIDTH="2154"
                    HEIGHT="248"
                    WC="0.9670575493341916"></String>
          </TextLine>

          
          
          <TextLine ID="eSc_line_2bf056a1"
                    TAGREFS="LT11324"
                    BASELINE="356 2363 1157 2285 1490 2267 2056 2209 2204 2204" 
                    HPOS="350"
                    VPOS="2165"
                    WIDTH="1854"
                    HEIGHT="230">
            <Shape><Polygon POINTS="359 2395 370 2385 393 2391 394 2391 396 2391 398 2391 400 2391 402 2391 426 2372 493 2378 495 2378 496 2378 532 2369 548 2376 556 2380 558 2380 559 2380 561 2380 563 2380 569 2374 591 2358 780 2348 782 2348 827 2335 936 2341 938 2341 940 2341 941 2341 966 2322 1029 2330 1030 2330 1140 2306 1197 2319 1212 2321 1214 2321 1216 2321 1225 2315 1260 2296 1399 2300 1437 2300 1438 2300 1440 2300 1464 2295 1514 2282 1539 2287 1550 2289 1552 2289 1553 2289 1564 2285 1602 2269 1755 2248 1806 2263 1813 2265 1815 2265 1817 2265 1876 2259 1878 2259 1885 2256 1926 2232 1997 2230 2028 2243 2034 2245 2035 2245 2037 2245 2204 2226 2204 2204 2197 2165 1870 2195 1854 2193 1822 2185 1820 2185 1819 2185 1794 2196 1781 2202 1755 2200 1670 2191 1668 2191 1666 2191 1665 2191 1646 2202 1585 2200 1583 2200 1581 2200 1579 2200 1559 2213 1492 2207 1490 2207 1488 2207 1487 2207 1466 2224 1463 2226 1388 2239 1338 2233 1296 2230 1294 2230 1292 2230 1253 2241 1249 2241 1242 2241 1160 2239 1158 2239 1157 2239 1123 2252 1086 2265 1058 2256 1036 2250 1034 2250 1032 2250 936 2259 934 2259 932 2259 923 2267 908 2280 832 2283 810 2276 795 2272 793 2272 791 2272 789 2272 773 2280 732 2298 661 2289 647 2287 645 2287 643 2287 636 2291 606 2306 563 2296 559 2296 558 2296 556 2296 554 2296 554 2298 532 2311 498 2306 496 2306 495 2306 452 2326 407 2309 406 2309 404 2309 350 2313 351 2318 356 2317 352 2333 356 2363"/></Shape>
	    <String CONTENT="seu per B eodem modo trahi sive in F siveii c sive in G. Hic pncipu"
                    HPOS="350"
                    VPOS="2165"
                    WIDTH="1854"
                    HEIGHT="230"
                    WC="0.9727647927270007"></String>
          </TextLine>

          
          
          <TextLine ID="eSc_line_31c20147"
                    TAGREFS="LT11324"
                    BASELINE="1585 2374 2273 2315" 
                    HPOS="1581"
                    VPOS="2274"
                    WIDTH="692"
                    HEIGHT="134">
            <Shape><Polygon POINTS="1589 2408 1650 2387 1674 2398 1676 2398 1678 2398 1689 2397 1759 2382 1813 2384 1865 2384 1867 2384 1869 2384 1887 2374 1911 2361 1978 2363 2015 2365 2017 2365 2019 2365 2021 2365 2021 2363 2026 2360 2034 2350 2100 2345 2113 2348 2137 2358 2139 2358 2141 2358 2273 2330 2273 2315 2267 2274 2175 2274 2173 2274 2171 2274 2169 2274 2169 2276 2160 2283 2149 2295 2136 2285 2126 2280 2124 2280 2123 2280 2121 2280 2063 2283 2061 2283 2060 2283 2060 2285 2058 2285 2052 2293 2041 2306 2021 2309 1887 2319 1859 2311 1835 2304 1833 2304 1832 2304 1830 2304 1800 2315 1768 2309 1767 2309 1765 2309 1763 2309 1748 2321 1733 2334 1666 2337 1654 2330 1641 2321 1639 2321 1637 2321 1635 2321 1633 2321 1581 2335 1585 2374"/></Shape>
	    <String CONTENT="si potentiae sint reciproca"
                    HPOS="1581"
                    VPOS="2274"
                    WIDTH="692"
                    HEIGHT="134"
                    WC="0.9763379759258695"></String>
          </TextLine>

          
          
          <TextLine ID="eSc_line_38692bc5_a"
                    TAGREFS="LT11324"
                    BASELINE="333 2417 445 2410 1605 2309 1939 2295" 
                    HPOS="328"
                    VPOS="2237"
                    WIDTH="1611"
                    HEIGHT="205">
            <Shape><Polygon POINTS="441 2437 443 2437 445 2437 450 2434 469 2423 504 2430 509 2430 511 2430 534 2426 656 2408 719 2413 739 2413 741 2413 776 2408 893 2387 936 2395 945 2397 947 2397 949 2397 956 2393 993 2378 1099 2382 1105 2382 1106 2382 1108 2382 1110 2382 1132 2365 1325 2365 1359 2363 1361 2363 1362 2363 1364 2361 1392 2345 1583 2345 1611 2343 1613 2343 1615 2343 1616 2341 1641 2326 1735 2332 1743 2332 1744 2332 1746 2332 1748 2332 1778 2317 1798 2326 1800 2326 1802 2326 1804 2326 1826 2315 1937 2315 1939 2295 1932 2237 1887 2239 1885 2239 1883 2239 1882 2241 1861 2258 1700 2258 1659 2258 1657 2258 1655 2258 1646 2261 1609 2278 1396 2283 1288 2287 1286 2287 1253 2296 1208 2308 1192 2302 1179 2296 1177 2296 1175 2296 1060 2306 1058 2306 1034 2315 1019 2321 1001 2319 969 2313 967 2313 966 2313 943 2322 936 2326 903 2326 810 2326 808 2326 806 2326 763 2339 736 2347 713 2343 676 2337 674 2337 673 2337 671 2337 656 2348 648 2354 578 2360 532 2360 454 2358 452 2358 450 2358 426 2369 415 2374 367 2374 343 2374 328 2441 375 2442"/></Shape>
	    <String CONTENT="ait Robervallius tacili ab autoribus assumi et ab experientia consi"
                    HPOS="328"
                    VPOS="2237"
                    WIDTH="1611"
                    HEIGHT="205"
                    WC="0.9723200246469298"></String>
          </TextLine>

          
          
          <TextLine ID="eSc_line_38692bc5_b"
                    TAGREFS="LT11324"
                    
                    HPOS="152"
                    VPOS="2381"
                    WIDTH="7"
                    HEIGHT="6">
            <Shape><Polygon POINTS="152 2381 155 2387 159 2383"/></Shape>
	    <String CONTENT=""
                    HPOS="152"
                    VPOS="2381"
                    WIDTH="7"
                    HEIGHT="6"></String>
          </TextLine>

          
          
          <TextLine ID="eSc_line_205db7a5"
                    TAGREFS="LT11324"
                    BASELINE="491 2471 695 2445 1192 2402 1492 2387" 
                    HPOS="485"
                    VPOS="2345"
                    WIDTH="1007"
                    HEIGHT="150">
            <Shape><Polygon POINTS="493 2495 528 2484 572 2489 580 2489 582 2489 584 2489 585 2489 587 2487 610 2467 650 2465 676 2476 678 2476 680 2476 682 2476 741 2460 756 2471 760 2474 762 2474 763 2474 765 2474 823 2469 825 2469 827 2469 827 2467 828 2467 830 2463 836 2456 864 2460 886 2461 888 2461 890 2461 904 2456 927 2447 956 2450 995 2454 997 2454 999 2454 1029 2443 1053 2434 1069 2439 1090 2445 1092 2445 1094 2445 1095 2445 1132 2432 1157 2424 1181 2428 1240 2436 1242 2436 1244 2436 1246 2436 1275 2417 1294 2430 1296 2430 1297 2430 1299 2430 1301 2430 1325 2419 1362 2424 1364 2424 1366 2424 1368 2424 1368 2423 1383 2410 1416 2421 1418 2421 1420 2421 1422 2421 1424 2421 1448 2400 1450 2398 1492 2395 1492 2387 1487 2345 1314 2350 1312 2350 1290 2360 1257 2372 1240 2363 1233 2358 1231 2358 1229 2358 1227 2358 1145 2363 1144 2363 1142 2363 1142 2365 1134 2371 1119 2384 1053 2378 1014 2374 1012 2374 1010 2374 1008 2374 1001 2382 984 2397 919 2400 882 2391 869 2387 867 2387 865 2387 864 2387 841 2395 817 2400 804 2397 788 2393 786 2393 784 2393 782 2393 780 2393 773 2398 756 2415 558 2430 526 2419 517 2415 515 2415 513 2415 485 2421 491 2471"/></Shape>
	    <String CONTENT="fcur jam hobervallius probat generalite"
                    HPOS="485"
                    VPOS="2345"
                    WIDTH="1007"
                    HEIGHT="150"
                    WC="0.972303263652019"></String>
          </TextLine>

          
          
          <TextLine ID="eSc_line_529f5914"
                    TAGREFS="LT11324"
                    BASELINE="504 2523 1012 2489 1147 2469 1490 2452 2132 2391 2245 2385" 
                    HPOS="500"
                    VPOS="2337"
                    WIDTH="1745"
                    HEIGHT="223">
            <Shape><Polygon POINTS="506 2560 600 2554 602 2554 604 2554 647 2536 712 2537 713 2537 715 2537 717 2537 741 2523 793 2532 795 2532 930 2508 999 2519 1016 2521 1017 2521 1064 2517 1066 2517 1077 2512 1116 2493 1201 2499 1203 2499 1275 2484 1299 2493 1312 2497 1314 2497 1316 2497 1318 2497 1338 2489 1359 2480 1453 2478 1602 2474 1603 2474 1642 2461 1674 2452 1683 2458 1687 2461 1689 2461 1691 2461 1692 2461 1787 2460 1789 2460 1815 2447 1837 2436 1872 2441 1895 2445 1896 2445 1948 2436 2011 2423 2030 2428 2061 2437 2063 2437 2065 2437 2067 2437 2100 2421 2119 2411 2245 2408 2245 2385 2239 2337 2106 2348 2104 2348 2102 2348 2078 2369 2039 2360 2037 2360 2035 2360 1941 2380 1806 2376 1759 2374 1757 2374 1755 2374 1743 2382 1707 2400 1433 2421 1407 2411 1390 2404 1388 2404 1386 2404 1320 2419 1253 2434 1229 2426 1205 2419 1203 2419 1201 2419 1129 2436 1103 2441 1079 2441 1003 2436 1001 2436 999 2436 997 2436 975 2450 962 2458 917 2454 832 2448 830 2448 828 2448 793 2465 776 2474 697 2478 686 2476 648 2463 647 2463 645 2463 500 2491 504 2523"/></Shape>
	    <String CONTENT="perpendicul aribus ex centro in lineas directionum ductis fore aequilibrium"
                    HPOS="500"
                    VPOS="2337"
                    WIDTH="1745"
                    HEIGHT="223"
                    WC="0.9951156497001648"></String>
          </TextLine>

          
          
          <TextLine ID="eSc_line_fe9fc4ac"
                    TAGREFS="LT11324"
                    BASELINE="511 2584 947 2550 1175 2523 1414 2512 2149 2447 2280 2443" 
                    HPOS="508"
                    VPOS="2402"
                    WIDTH="1772"
                    HEIGHT="215">
            <Shape><Polygon POINTS="513 2617 623 2599 643 2606 645 2606 647 2606 648 2606 697 2586 814 2580 839 2589 845 2591 847 2591 849 2591 925 2584 927 2584 928 2584 934 2580 960 2565 1005 2573 1023 2576 1025 2576 1027 2576 1043 2569 1079 2554 1294 2537 1348 2541 1399 2545 1401 2545 1490 2528 1559 2515 1598 2517 1666 2523 1668 2523 1763 2502 1800 2495 1837 2495 1954 2499 1956 2499 2126 2484 2128 2484 2213 2461 2262 2467 2264 2467 2265 2467 2267 2467 2280 2456 2280 2443 2275 2411 2204 2415 2130 2402 2128 2402 2126 2402 2124 2402 2097 2423 2048 2430 2041 2430 2039 2430 1985 2415 1984 2415 1982 2415 1904 2430 1843 2426 1841 2426 1839 2426 1772 2452 1709 2437 1707 2437 1705 2437 1665 2458 1652 2452 1650 2452 1648 2452 1646 2452 1596 2467 1594 2469 1581 2469 1314 2482 1268 2474 1266 2474 1103 2510 979 2515 953 2502 951 2502 949 2502 890 2506 888 2506 852 2519 719 2521 717 2521 667 2545 663 2545 595 2543 593 2543 508 2558 511 2584"/></Shape>
	    <String CONTENT="f ermatius (fol. 147. negat hoc principium Robero allii quod potentia"
                    HPOS="508"
                    VPOS="2402"
                    WIDTH="1772"
                    HEIGHT="215"
                    WC="0.9852066990258037"></String>
          </TextLine>

          
          
          <TextLine ID="eSc_line_46d862b2"
                    TAGREFS="LT11324"
                    BASELINE="515 2639 1552 2558 1724 2537 2013 2521" 
                    HPOS="511"
                    VPOS="2489"
                    WIDTH="1502"
                    HEIGHT="175">
            <Shape><Polygon POINTS="517 2664 634 2656 636 2656 686 2638 728 2649 730 2649 732 2649 739 2649 945 2623 990 2628 992 2628 993 2628 995 2628 997 2628 1064 2608 1106 2619 1108 2619 1110 2619 1114 2619 1207 2595 1336 2588 1366 2599 1368 2599 1370 2599 1468 2591 1470 2591 1472 2591 1494 2576 1524 2586 1526 2586 1527 2586 1529 2586 1531 2586 1546 2575 1665 2575 1676 2575 1678 2575 1679 2575 1681 2575 1728 2556 1765 2565 1767 2565 1768 2565 1876 2549 2013 2549 2013 2521 2010 2491 1874 2489 1872 2489 1870 2489 1869 2489 1856 2499 1820 2489 1819 2489 1817 2489 1679 2500 1678 2500 1676 2500 1676 2502 1668 2508 1659 2502 1657 2502 1655 2502 1654 2502 1652 2502 1650 2502 1628 2519 1626 2521 1618 2521 1557 2510 1555 2510 1485 2515 1483 2515 1440 2534 1435 2536 1427 2536 1398 2530 1396 2530 1394 2530 1353 2541 1349 2541 1348 2541 1322 2528 1320 2528 1318 2528 1316 2528 1290 2541 1190 2539 1188 2539 1186 2539 1184 2539 1157 2556 1153 2558 1144 2556 1103 2550 1101 2550 1099 2550 1045 2563 1032 2567 1025 2565 990 2554 988 2554 986 2554 943 2558 941 2558 940 2558 916 2575 914 2576 834 2582 828 2580 808 2573 806 2573 804 2573 691 2591 656 2597 648 2595 621 2584 619 2584 617 2584 615 2584 613 2584 589 2599 582 2604 511 2604 515 2639"/></Shape>
	    <String CONTENT="eodem modo Atrahat p in G vel Cvel F esse verum"
                    HPOS="511"
                    VPOS="2489"
                    WIDTH="1502"
                    HEIGHT="175"
                    WC="0.9785108515556823"></String>
          </TextLine>

          
          
          <TextLine ID="eSc_line_a5aef307"
                    TAGREFS="LT11324"
                    BASELINE="526 2689 1247 2639 1401 2617 2208 2569" 
                    HPOS="522"
                    VPOS="2521"
                    WIDTH="1686"
                    HEIGHT="194">
            <Shape><Polygon POINTS="1316 2576 1297 2578 1279 2580 1262 2582 1244 2584 1225 2584 1207 2586 1188 2588 1170 2589 1158 2589 1090 2613 1090 2615 1023 2619 940 2623 914 2613 912 2613 910 2613 908 2613 906 2613 884 2628 843 2630 725 2638 693 2626 691 2626 689 2626 687 2626 639 2643 639 2645 522 2651 526 2689 526 2715 839 2680 914 2691 923 2691 925 2691 943 2689 1021 2675 1131 2675 1140 2675 1142 2675 1144 2675 1145 2675 1171 2660 1242 2667 1260 2669 1262 2669 1264 2669 1266 2669 1270 2665 1292 2651 1333 2662 1344 2664 1346 2664 1348 2664 1349 2664 1362 2660 1383 2652 1409 2656 1429 2658 1431 2658 1433 2658 1448 2652 1492 2638 1633 2639 1644 2639 1646 2639 1648 2639 1652 2639 1713 2623 1731 2634 1737 2638 1739 2638 1741 2638 1743 2638 1822 2632 1824 2632 1837 2626 1863 2613 2023 2613 2069 2613 2069 2612 2071 2612 2073 2612 2074 2610 2087 2599 2115 2606 2136 2612 2137 2612 2139 2612 2208 2599 2208 2569 2204 2539 2152 2521 2150 2521 2149 2521 2147 2521 2106 2532 1974 2532 1972 2532 1971 2532 1969 2532 1950 2545 1869 2543 1867 2543 1865 2543 1843 2554 1781 2545 1780 2545 1778 2545 1776 2545 1761 2558 1746 2547 1744 2547 1743 2547 1741 2547 1665 2563 1633 2554 1631 2554 1629 2554 1628 2554 1572 2576 1527 2571 1526 2571 1524 2571 1496 2586 1450 2582 1448 2582 1446 2582 1444 2582 1429 2591 1427 2591 1425 2591 1370 2591 1344 2575 1335 2576"/></Shape>
	    <String CONTENT="iignissime res examinari. Aditasses vea enit si gravis inter descet"
                    HPOS="522"
                    VPOS="2521"
                    WIDTH="1686"
                    HEIGHT="194"
                    WC="0.9645806439776918"></String>
          </TextLine>

          
          
          <TextLine ID="eSc_line_a6f24ffa_a"
                    TAGREFS="LT11324"
                    BASELINE="656 2717 845 2704" 
                    HPOS="652"
                    VPOS="2673"
                    WIDTH="193"
                    HEIGHT="54">
            <Shape><Polygon POINTS="656 2727 669 2725 722 2716 844 2713 845 2704 839 2673 652 2682 656 2717"/></Shape>
	    <String CONTENT="Vet mese"
                    HPOS="652"
                    VPOS="2673"
                    WIDTH="193"
                    HEIGHT="54"
                    WC="0.8958893194794655"></String>
          </TextLine>

          
          
          <TextLine ID="eSc_line_87ed9030"
                    TAGREFS="LT11324"
                    BASELINE="897 2708 1207 2699 1511 2671 2260 2625" 
                    HPOS="893"
                    VPOS="2589"
                    WIDTH="1367"
                    HEIGHT="141">
            <Shape><Polygon POINTS="897 2725 1079 2730 1081 2730 1301 2704 1383 2693 1540 2689 1550 2691 1585 2699 1587 2699 1589 2699 1626 2688 1652 2678 1666 2684 1679 2691 1681 2691 1683 2691 1685 2691 1687 2691 1698 2684 1705 2678 1715 2682 1730 2688 1731 2688 1733 2688 1863 2682 1865 2682 1867 2682 1867 2680 1874 2675 1880 2667 1895 2673 1900 2675 1902 2675 1904 2675 1924 2671 1987 2656 2260 2652 2260 2625 2254 2589 2074 2595 2008 2606 1922 2619 1893 2613 1874 2610 1872 2610 1870 2610 1869 2610 1869 2612 1863 2615 1854 2625 1744 2630 1724 2625 1704 2619 1702 2619 1700 2619 1561 2626 1559 2626 1518 2639 1494 2647 1383 2649 1281 2651 1279 2651 1268 2656 1259 2660 1236 2658 1173 2651 1171 2651 1097 2667 1079 2671 1069 2669 1021 2660 1019 2660 893 2680 897 2708"/></Shape>
	    <String CONTENT="spolentiae eadem semne maret linea errectionis ud axcs"
                    HPOS="893"
                    VPOS="2589"
                    WIDTH="1367"
                    HEIGHT="141"
                    WC="0.9778806489926798"></String>
          </TextLine>

          
          
          <TextLine ID="eSc_line_4ae86a50"
                    TAGREFS="LT11324"
                    BASELINE="908 2766 1333 2751 1778 2714 2264 2684" 
                    HPOS="906"
                    VPOS="2641"
                    WIDTH="1358"
                    HEIGHT="160">
            <Shape><Polygon POINTS="908 2801 1029 2799 1030 2799 1032 2799 1032 2797 1036 2793 1055 2778 1119 2788 1151 2791 1153 2791 1155 2791 1177 2784 1208 2773 1257 2778 1305 2782 1307 2782 1309 2782 1355 2771 1377 2766 1392 2767 1416 2771 1418 2771 1420 2771 1422 2771 1427 2766 1435 2760 1463 2762 1496 2766 1498 2766 1500 2766 1522 2758 1546 2751 1577 2754 1642 2762 1644 2762 1704 2758 1705 2758 1707 2758 1731 2743 1743 2736 1774 2740 1793 2741 1794 2741 1856 2734 1922 2725 1952 2727 2039 2732 2041 2732 2043 2732 2078 2717 2084 2715 2102 2715 2204 2717 2206 2717 2264 2702 2264 2684 2254 2641 2215 2665 2121 2665 2086 2654 2080 2652 2078 2652 2076 2652 2074 2652 2069 2654 2047 2667 2010 2662 2008 2662 2006 2662 2004 2662 1974 2680 1932 2680 1898 2667 1889 2664 1887 2664 1885 2664 1883 2664 1867 2669 1852 2675 1828 2673 1798 2669 1796 2669 1794 2669 1793 2669 1793 2671 1787 2675 1772 2689 1707 2689 1689 2682 1674 2677 1672 2677 1670 2677 1609 2680 1607 2680 1583 2689 1548 2706 1303 2717 1290 2712 1270 2702 1268 2702 1266 2702 1264 2702 1262 2702 1249 2714 1238 2723 1212 2717 1203 2715 1201 2715 1170 2719 1105 2730 1092 2725 1062 2714 1060 2714 1058 2714 990 2727 945 2721 943 2721 941 2721 906 2738 908 2766"/></Shape>
	    <String CONTENT="fixi L et M, pe cirea sug centra acti funibus trahant"
                    HPOS="906"
                    VPOS="2641"
                    WIDTH="1358"
                    HEIGHT="160"
                    WC="0.9542993329605967"></String>
          </TextLine>

          
          
          <TextLine ID="eSc_line_bbd2e998"
                    TAGREFS="LT11324"
                    BASELINE="932 2832 2197 2741" 
                    HPOS="928"
                    VPOS="2695"
                    WIDTH="1269"
                    HEIGHT="169">
            <Shape><Polygon POINTS="934 2864 1027 2856 1029 2856 1030 2856 1055 2838 1079 2843 1081 2843 1082 2843 1084 2843 1103 2834 1140 2840 1142 2840 1144 2840 1173 2830 1208 2842 1210 2842 1212 2842 1214 2842 1255 2827 1314 2834 1316 2834 1318 2834 1320 2834 1320 2832 1336 2817 1383 2830 1385 2830 1386 2830 1388 2830 1477 2825 1479 2825 1485 2823 1529 2803 1542 2814 1544 2814 1546 2814 1548 2816 1589 2816 1626 2816 1626 2814 1628 2814 1633 2812 1672 2793 1759 2801 1776 2803 1778 2803 1780 2803 1781 2803 1785 2799 1815 2782 1906 2786 1908 2786 1909 2786 1911 2786 1924 2773 2000 2771 2024 2782 2032 2784 2034 2784 2035 2784 2037 2784 2039 2784 2039 2782 2043 2780 2058 2766 2195 2767 2197 2741 2193 2706 2175 2695 2173 2695 2171 2695 2169 2695 2039 2723 1998 2715 1997 2715 1730 2727 1728 2727 1726 2727 1700 2749 1674 2751 1654 2751 1631 2743 1629 2743 1628 2743 1626 2743 1589 2753 1572 2740 1570 2740 1568 2740 1566 2740 1470 2745 1374 2753 1372 2753 1335 2773 1286 2766 1285 2766 1283 2766 1281 2766 1260 2778 1153 2777 1151 2777 1149 2777 1108 2790 1060 2775 1058 2775 1056 2775 1055 2775 1053 2775 1029 2790 999 2780 997 2780 995 2780 993 2780 928 2803 932 2832"/></Shape>
	    <String CONTENT="puncta Bet C, ut forre secque in motuhibero grave"
                    HPOS="928"
                    VPOS="2695"
                    WIDTH="1269"
                    HEIGHT="169"
                    WC="0.97297894589755"></String>
          </TextLine>

          
          
          <TextLine ID="eSc_line_fb71839e"
                    TAGREFS="LT11324"
                    BASELINE="884 2886 1794 2832 1924 2814 2293 2788" 
                    HPOS="883"
                    VPOS="2743"
                    WIDTH="1410"
                    HEIGHT="176">
            <Shape><Polygon POINTS="1327 2804 1290 2827 1216 2829 1179 2817 1177 2817 1175 2817 1173 2817 1171 2817 1155 2830 1136 2821 1134 2821 1132 2821 1131 2821 1082 2836 1064 2823 1049 2823 1023 2843 938 2847 914 2830 912 2829 910 2829 908 2829 906 2829 885 2831 883 2871 884 2886 884 2908 940 2919 941 2919 1019 2901 1036 2897 1051 2899 1129 2908 1131 2908 1132 2908 1134 2908 1158 2892 1160 2890 1166 2892 1216 2905 1218 2905 1220 2905 1221 2905 1223 2905 1255 2886 1259 2882 1362 2877 1366 2879 1392 2895 1394 2895 1396 2895 1398 2895 1399 2895 1401 2895 1429 2877 1498 2879 1500 2879 1501 2879 1503 2879 1520 2867 1522 2867 1526 2867 1624 2886 1626 2886 1628 2886 1629 2886 1650 2867 1663 2873 1665 2873 1666 2873 1668 2873 1720 2854 1724 2854 1728 2854 1806 2875 1807 2875 1809 2875 1932 2867 1933 2867 1965 2854 1978 2864 1980 2864 1982 2864 1984 2864 2171 2853 2173 2853 2175 2853 2212 2823 2293 2817 2293 2788 2284 2743 2188 2769 2078 2756 2073 2756 2071 2756 2069 2756 2067 2756 2037 2778 1987 2762 1985 2762 1984 2762 1982 2762 1971 2764 1824 2788 1811 2778 1809 2778 1807 2778 1806 2778 1804 2778 1770 2793 1746 2782 1744 2782 1743 2782 1683 2784 1681 2784 1679 2784 1652 2801 1539 2791 1537 2791 1535 2791 1533 2791 1472 2816 1392 2817 1344 2803 1342 2804"/></Shape>
	    <String CONTENT="enim agrentium aliquod tendens ad C affixum, gypando"
                    HPOS="883"
                    VPOS="2743"
                    WIDTH="1410"
                    HEIGHT="176"
                    WC="0.9830300756371938"></String>
          </TextLine>

          
          
          <TextLine ID="eSc_line_87740dad"
                    TAGREFS="LT11324"
                    BASELINE="895 2932 1785 2886" 
                    HPOS="891"
                    VPOS="2847"
                    WIDTH="894"
                    HEIGHT="129">
            <Shape><Polygon POINTS="895 2947 957 2966 1048 2976 1144 2971 1145 2971 1221 2947 1246 2958 1247 2958 1249 2958 1251 2958 1253 2958 1290 2934 1412 2934 1412 2932 1414 2932 1442 2923 1466 2918 1513 2921 1546 2923 1548 2923 1550 2923 1561 2919 1576 2912 1583 2918 1594 2927 1596 2927 1598 2927 1600 2927 1602 2927 1603 2927 1613 2919 1622 2927 1664 2923 1679 2914 1691 2908 1783 2908 1785 2886 1781 2854 1746 2847 1744 2847 1743 2847 1691 2860 1676 2864 1668 2862 1648 2853 1646 2853 1644 2853 1642 2853 1641 2853 1641 2854 1639 2854 1633 2864 1631 2866 1618 2864 1568 2856 1566 2856 1488 2871 1461 2875 1451 2873 1429 2864 1427 2864 1425 2864 1424 2864 1398 2875 1388 2879 1370 2877 1322 2869 1320 2869 1318 2869 1290 2880 1277 2884 1270 2880 1251 2875 1249 2875 1247 2875 1246 2875 1223 2884 1210 2888 1186 2886 1160 2882 1158 2882 1118 2888 1088 2893 1073 2892 1042 2884 1040 2884 1038 2884 1021 2893 1012 2899 891 2899 895 2932"/></Shape>
	    <String CONTENT="circa A, non manes in recta ceM."
                    HPOS="891"
                    VPOS="2847"
                    WIDTH="894"
                    HEIGHT="129"
                    WC="0.9931889418512583"></String>
          </TextLine>

          
          
          <TextLine ID="eSc_line_54266a2b_a"
                    TAGREFS="LT11324"
                    
                    HPOS="728"
                    VPOS="2712"
                    WIDTH="22"
                    HEIGHT="4">
            <Shape><Polygon POINTS="728 2714 728 2716 750 2715 750 2712 747 2712"/></Shape>
	    <String CONTENT=""
                    HPOS="728"
                    VPOS="2712"
                    WIDTH="22"
                    HEIGHT="4"></String>
          </TextLine>

          
          
          <TextLine ID="eSc_line_2a0bef8e_a"
                    TAGREFS="LT11324"
                    
                    HPOS="527"
                    VPOS="2691"
                    WIDTH="119"
                    HEIGHT="44">
            <Shape><Polygon POINTS="643 2691 578 2708 567 2699 565 2699 563 2699 561 2699 559 2699 558 2699 530 2719 527 2721 590 2735 646 2728"/></Shape>
	    <String CONTENT=""
                    HPOS="527"
                    VPOS="2691"
                    WIDTH="119"
                    HEIGHT="44"></String>
          </TextLine>

          
        </TextBlock>
        
        <TextBlock HPOS="2132"
                   VPOS="39"
                   WIDTH="195"
                   HEIGHT="310"
                   ID="r7"
                   TAGREFS="BT16575">
          <Shape><Polygon POINTS="2132 202 2175 331 2327 349 2318 39 2137 39"/></Shape>
          
          
          <TextLine ID="eSc_line_441a8334_a"
                    TAGREFS="LT11324"
                    BASELINE="2165 301 2325 302" 
                    HPOS="2159"
                    VPOS="263"
                    WIDTH="166"
                    HEIGHT="71">
            <Shape><Polygon POINTS="2199 298 2180 296 2162 285 2159 282 2175 331 2199 334 2254 318 2264 317 2325 317 2325 302 2319 263 2217 265 2217 296"/></Shape>
	    <String CONTENT=" coer"
                    HPOS="2159"
                    VPOS="263"
                    WIDTH="166"
                    HEIGHT="71"
                    WC="0.7538975596427917"></String>
          </TextLine>

          
          
          <TextLine ID="eSc_line_fa88c0df"
                    TAGREFS="LT11324"
                    BASELINE="2145 83 2273 74" 
                    HPOS="2141"
                    VPOS="53"
                    WIDTH="132"
                    HEIGHT="45">
            <Shape><Polygon POINTS="2236 74 2217 74 2199 74 2180 74 2173 55 2141 55 2145 83 2145 98 2273 87 2273 74 2267 53 2256 53 2254 74"/></Shape>
	    <String CONTENT="veu"
                    HPOS="2141"
                    VPOS="53"
                    WIDTH="132"
                    HEIGHT="45"
                    WC="0.9877371390660604"></String>
          </TextLine>

          
          
          <TextLine ID="eSc_line_7dee6896"
                    TAGREFS="LT11324"
                    BASELINE="2149 122 2314 118" 
                    HPOS="2147"
                    VPOS="85"
                    WIDTH="167"
                    HEIGHT="65">
            <Shape><Polygon POINTS="2277 88 2273 85 2243 92 2239 98 2221 109 2202 114 2184 94 2165 94 2163 92 2147 92 2149 122 2152 150 2175 135 2312 146 2314 118 2312 96 2297 90 2295 111"/></Shape>
	    <String CONTENT="rcorum"
                    HPOS="2147"
                    VPOS="85"
                    WIDTH="167"
                    HEIGHT="65"
                    WC="0.9578243593374888"></String>
          </TextLine>

          
          
          <TextLine ID="eSc_line_98374c6d"
                    TAGREFS="LT11324"
                    BASELINE="2152 164 2308 159" 
                    HPOS="2150"
                    VPOS="129"
                    WIDTH="158"
                    HEIGHT="58">
            <Shape><Polygon POINTS="2188 155 2175 133 2162 131 2160 131 2158 131 2156 131 2156 133 2150 137 2152 164 2152 187 2308 179 2308 159 2302 129 2212 137 2206 146"/></Shape>
	    <String CONTENT="sed malis"
                    HPOS="2150"
                    VPOS="129"
                    WIDTH="158"
                    HEIGHT="58"
                    WC="0.9322414398193359"></String>
          </TextLine>

          
          
          <TextLine ID="eSc_line_1a06fd5c"
                    TAGREFS="LT11324"
                    BASELINE="2160 198 2290 203 2299 209 2310 246" 
                    HPOS="2156"
                    VPOS="164"
                    WIDTH="158"
                    HEIGHT="82">
            <Shape><Polygon POINTS="2295 172 2293 172 2291 172 2290 172 2288 172 2264 181 2236 164 2234 164 2232 164 2230 164 2193 172 2191 172 2178 183 2165 168 2162 166 2160 198 2156 220 2262 220 2306 242 2310 246 2310 244 2314 187"/></Shape>
	    <String CONTENT="fuit cal"
                    HPOS="2156"
                    VPOS="164"
                    WIDTH="158"
                    HEIGHT="82"
                    WC="0.9920480400323868"></String>
          </TextLine>

          
          
          <TextLine ID="eSc_line_3496bd45"
                    TAGREFS="LT11324"
                    BASELINE="2201 237 2312 244" 
                    HPOS="2199"
                    VPOS="203"
                    WIDTH="113"
                    HEIGHT="76">
            <Shape><Polygon POINTS="2199 261 2225 255 2241 268 2251 278 2252 278 2254 278 2306 279 2312 244 2310 218 2201 203 2201 237"/></Shape>
	    <String CONTENT="vem pas"
                    HPOS="2199"
                    VPOS="203"
                    WIDTH="113"
                    HEIGHT="76"
                    WC="0.9672398907797677"></String>
          </TextLine>

          
        </TextBlock>
        
        <TextBlock HPOS="1868"
                   VPOS="2979"
                   WIDTH="288"
                   HEIGHT="137"
                   ID="r9"
                   TAGREFS="BT16575">
          <Shape><Polygon POINTS="1868 3008 1881 3116 2156 3110 2135 2979 2058 2982"/></Shape>
          
          
          <TextLine ID="eSc_line_09fd67c9"
                    TAGREFS="LT11324"
                    BASELINE="1917 3071 2095 3064" 
                    HPOS="1915"
                    VPOS="3047"
                    WIDTH="180"
                    HEIGHT="60">
            <Shape><Polygon POINTS="2063 3064 2045 3062 2026 3064 2008 3062 1989 3062 1971 3060 1952 3058 1946 3047 1919 3047 1915 3062 1917 3071 1917 3099 2008 3092 2032 3103 2039 3107 2041 3107 2043 3107 2095 3103 2095 3064 2093 3060 2082 3058"/></Shape>
	    <String CONTENT="Voet"
                    HPOS="1915"
                    VPOS="3047"
                    WIDTH="180"
                    HEIGHT="60"
                    WC="0.9919851124286652"></String>
          </TextLine>

          
          
          <TextLine ID="eSc_line_e159fa99"
                    TAGREFS="LT11324"
                    
                    HPOS="1965"
                    VPOS="3088"
                    WIDTH="85"
                    HEIGHT="26">
            <Shape><Polygon POINTS="2048 3092 1965 3088 1965 3114 2050 3112"/></Shape>
	    <String CONTENT=""
                    HPOS="1965"
                    VPOS="3088"
                    WIDTH="85"
                    HEIGHT="26"></String>
          </TextLine>

          
        </TextBlock>
        
        <TextBlock HPOS="2141"
                   VPOS="2939"
                   WIDTH="101"
                   HEIGHT="122"
                   ID="r8"
                   TAGREFS="BT16581">
          <Shape><Polygon POINTS="2141 2957 2148 3061 2242 3032 2234 2939"/></Shape>
          
          
          <TextLine ID="eSc_line_a7b51b51"
                    TAGREFS="LT11324"
                    BASELINE="2152 3027 2230 3016" 
                    HPOS="2150"
                    VPOS="2997"
                    WIDTH="82"
                    HEIGHT="48">
            <Shape><Polygon POINTS="2204 2997 2186 3005 2169 3012 2150 3019 2152 3027 2154 3045 2232 3032 2230 3016 2225 2999 2223 2999"/></Shape>
	    <String CONTENT="v:"
                    HPOS="2150"
                    VPOS="2997"
                    WIDTH="82"
                    HEIGHT="48"
                    WC="0.7613987922668457"></String>
          </TextLine>

          
        </TextBlock>
        
        <TextBlock HPOS="355"
                   VPOS="2687"
                   WIDTH="491"
                   HEIGHT="316"
                   ID="r2"
                   TAGREFS="BT27326">
          <Shape><Polygon POINTS="411 2709 377 2757 395 2800 406 2900 355 2946 355 2976 468 2990 699 3003 792 2996 801 2915 846 2687 712 2688 674 2723 616 2715 549 2715 460 2711 426 2711"/></Shape>
          
        </TextBlock>
        
        <TextBlock HPOS="11"
                   VPOS="2317"
                   WIDTH="297"
                   HEIGHT="244"
                   ID="r10"
                   TAGREFS="BT27326">
          <Shape><Polygon POINTS="11 2378 19 2511 96 2558 222 2561 308 2546 296 2317 245 2322 156 2343 48 2353"/></Shape>
          
        </TextBlock>
        
        <TextBlock HPOS="35"
                   VPOS="1917"
                   WIDTH="189"
                   HEIGHT="244"
                   ID="r5"
                   TAGREFS="BT27326">
          <Shape><Polygon POINTS="35 1938 85 2161 130 2161 224 1920 124 1917 62 1925"/></Shape>
          
        </TextBlock>
        
        <TextBlock HPOS="1124"
                   VPOS="2788"
                   WIDTH="51"
                   HEIGHT="53"
                   ID="r6"
                   TAGREFS="BT27327">
          <Shape><Polygon POINTS="1129 2788 1124 2837 1171 2841 1175 2788"/></Shape>
          
        </TextBlock>
        
        <TextBlock HPOS="406"
                   VPOS="1003"
                   WIDTH="171"
                   HEIGHT="77"
                   ID="r3"
                   TAGREFS="BT27326">
          <Shape><Polygon POINTS="411 1011 406 1080 577 1077 572 1003"/></Shape>
          
        </TextBlock>
        
        <TextBlock HPOS="31"
                   VPOS="2552"
                   WIDTH="445"
                   HEIGHT="363"
                   ID="r1"
                   TAGREFS="BT27326">
          <Shape><Polygon POINTS="31 2561 65 2915 385 2892 390 2830 360 2734 476 2649 469 2600 314 2552 180 2568"/></Shape>
          
        </TextBlock>
        
        <TextBlock HPOS="874"
                   VPOS="1930"
                   WIDTH="264"
                   HEIGHT="155"
                   ID="r4"
                   TAGREFS="BT27326">
          <Shape><Polygon POINTS="941 1940 911 1978 893 1991 874 2037 882 2085 1004 2059 1096 2053 1138 1990 1096 1930 1058 1930 1000 1938"/></Shape>
          
        </TextBlock>
        

        
      </PrintSpace>
    </Page>
  </Layout>
</alto>
