2500 3723
126 103 2302 112 At diffreutio ide 240. 60. 2 Ic comparentur cum 360. primo termno serundae serci descens

219 186 412 113 dents, fic

103 380 58 83 s

86 393 1817 146 sed satius etim secundas differentias conferre cum vimino omnum prino, ut

171 517 112 97 te

923 656 252 92 bes segvente

426 655 1858 164 in sequent antecedente termino conferas diffrentia, fiet in serie diffrentiarum

99 1612 2107 235 Numtius ma ornae senei hanforisalis ascendentis intermedus est semper omnium numerorum

1494 1751 699 90 e dividantur omnia per 12 fcet:

332 1707 2085 179 mensura commmnis. Sempe ergo videtrm Quomodo in illis contincatur mentura commanis.

244 2826 898 133 Ex hoc fandamento videtur ratio iniri posse

250 2872 915 156 colligendi smmam progressiones harmonicae.

186 2918 1219 192 Qua diffientiam rato imni potest  summus et diffientiarum

244 2953 1231 211 quoque inter differentias ei Germinos sequentes videtur haberi

271 3123 283 118 posse summa

2334 3534 52 60 et

235 829 154 95 pumt
