2371 3516
820 1046 333 83 hoc effici poter

1202 1046 1124 106 loco ardinatagutoric sumendo, cmo et loco ordinata

901 1109 273 61 ompelgentes

1176 1103 192 67 vel alia

216 1136 986 96 eicce elegantissimum specimens problimatius quo

170 1197 674 80 fallem reducunturcid Quadraturas.

862 1207 256 86 qudcunque autem

1163 1158 1114 92 quo problemata Methodi Tangentum inversae solountur, aut

1155 1216 1108 81 Nimirum efficiendum est si licet diversis aequationibus conquisitis, ut

146 1259 2099 77 Una lantum incognitarum in vincur srelinqpatur. Nota si  loco 1X. vel y. alia quaedam recta inveniri posset, ut quae

140 1308 2109 73 esset obliqua, aut quae esset co una ex convergentibus ad idem punctum qua adhibita una tantum incognutatum in vinculus

95 1351 2156 84 restaret, tuto adhaberetur exemplum sumi posset in quaerenda ipsarum P relatione summa enim ipsatums AB. ad axem

109 1402 2148 74 aequatur seminquadrato ipsius Ac. Quandocunque in vinculo coteu relictae unius incognitas formulee sunt at tales ut incognata in

134 1437 1916 86 contineatur in irrationalitate auc noninatore, semper absolute solvi potest problema, reducitur enim adtule

2075 1425 219 75 quae est in

101 1482 2197 78 potest in potestate, idem est in nominateribus chirtionalibus simplicitus. At in compositis casus evenore potest, ut ad quadratula

107 1513 2197 94 redeam, quae non et in potestate. sed quicquid sit, quandrcunque problema ad Quadraturam reduxim, sempe descriti potest capba

113 1554 2140 98 Quaesita  motu Geometrico, qui exacte in potestate est, ec materi alem curvam sipoios. Haec porro nethod

115 1591 2107 114 analilice exhibebit omnes  quadraturarum a se envice dependentias;  et viri sternet ad absolvendam

129 1619 2169 140 tetragonisticeu.  Fatero inteiium feri posse, ut ingenti numero aequationum inadae quatarum (quales istas voco, quaru

125 1664 2189 148 pluribus opus est ad solvendum problemaset si ipsae solae sufficeient, si hactatales essent .Jopus sit ad nam penitus ex vinculis follendo

123 1707 2201 144 natum eninin eo est, quod una aequatione non nisi unus terminus ex virculis tolli potest, et is si saepius in est, non usi simel. Itaque interea

87 1750 2174 133 magnum quaeri umerum aequationum inadae quatarum. Et examinandum quae sint ab aliis quodam modo independentes; id est per

129 1799 1565 126 aentu pul as ien etumi nsspater oam a isier pumiat et

408 1808 1863 160 Novum genus Trigonometriae indigisibilium ope n ordinatarum non p aralletarum sed quementium sit punctm fixum B. sit

445 1863 1865 119 ad c t erigum BDC. P DE perx. in BC. Ex puncto B encantur tarrenti AHoccarentes BA namabs ad BC seu parellelo

430 1908 1679 141 DE, et BH nonmalit ad nungenter Dc productes. Hinc similia rla: CEB, BNA CAB, 3 NA. Ego BH HA BA adeoque:

449 2060 1192 117 Cn, DCП E, HB. H CH, CD HB, CD, DE, CB, id estava Pliut per se Et

408 2093 1902 131 quod postierum notabile videtur prr Trochocidibus Nimirum si ciuvae DC provolutone implano fi immoto eA puncto 8fxo

416 2142 1886 110 constante describatur curva Trochoeides erit ipsa B perpendionans ad trachocidem; et posita ordinatus trodhocidis ad plonam

341 2176 1992 125 Immobiet CA esse BH, nit CH. intercepta ad cipsum ex psseqs uias applicatae summalnio, aequabuntur dipsis eBt sumnatis ad suns

340 2215 1993 132 diffrentias explicalis Jum si admatae quaedam ad cuas differentias applicentur idem prodacetur ac si quaeratum differentiarum momentum ex axe id es

359 2254 1959 131 nomentum ac si summa omnm seu maxima in dystantam sun centru gravitatis, id est punctisii medii ab axc, id est in suidimudium oucas

342 2289 1980 135 ad est aequatm summa tatium semi quad rato maximi. semper ergo habebitur summa onnum BC in CE, quae aequabitur semper seniquadu

340 2328 1974 143 BC, hive summae omnum BP, ad axem ixplicatitum in F, si CD. pependicularsadcurom DC. sit curva B tulis trochocides

416 2373 1896 133 ex per punctus B descriptae c tungatur cB chocta desribens quam ostenda sempr ad huuam ejse perpendiclarem es BN ordu

412 2416 1847 138 et HC transfer applicentur in C6 ad planum, seu ad differentias ipsam HC erit fignoo unde orta semper quadrabili

426 2443 1864 164 et aequalis semiquadrato, CB. tum different ipsa tn GH (puncto Gposito fixo) applicatae aequentur semiquadrato po

455 2486 1841 149 onde si arplicentur differenliae inter has duas differentias summa, tatum aequabitur suo proprio semiquarrato, unde necers est

457 2523 1812 156 tunc fac tactum locu fericid lineo recty (fora,  alia quoque a) superest ut demonstrem Generatillo chordoi iiam

473 2562 1784 157 ut BF semper Dare perpendiculore ad Trochocidem quod probo fig. 4. sis polyionum A6C3 ob provolvendum sit punctum

541 2605 1763 151 describens A. Centro L. radio eB describatur circulus dum punctam veniat in H puncta rectae BCH, et tunc A

588 2648 1718 145 perveniet in L. Incta AL. utique erit tansens trodhocidis, biseretur arequ AMML, et jungatuo eM quaesecet

586 2687 1728 149 At in N secabit utique ad angulos rectos diameter sculicet circulichordoi srimmeus bijecto, asegeit es perpendi

611 2728 1591 141 caleris ad AN tansentem ergo ad curvam, Ja CN, t CA vel et euide habent termitum communae

619 2760 1697 150 xposita cD infinile parva; differenti ipsae quoque habebunt infinise parvom, sed et alter terminus, ut AMtvel t

588 2834 1108 123 infunte paroa differet. Ergo CN tangens perpendicularis ad langentam sive curvus

574 2814 1742 192 sota si in fig. 3. BC axplicentur adcur, chordae plerum ides in generatuce, chqdae adcrvam dabitur suprferes

1186 2873 1124 119 Data turva epro Frochocide sumta. statum habebim Elementa cume

519 2943 577 102 ce pochoedis cirea basius seuplanum

445 2908 1857 166 qu neratix esse debet posite scilicet BC pro aritEmetie proportionali investigentur ipsarm gt vifferentiae in fig. 3

439 2955 1867 166 1 est im fig. 1. ex BC. ipse DE datur autem sic EC a lstans, et DC, ut divis ergo et DE, ergo et trinsulum AHE, eA A adeo

443 2994 1859 166 CBA n fig. 1. sed uulatio disiveratuo iner BC, BF. ima suice omnumc fius. 3. seu es CH in De A BB in dis BF

430 3041 1860 156 sua a ergo quin autem unius summae eodem tifferentiae loincidunt, ergo fier BP in diff BFП CH in DC. indeoque latebitur valor

435 3086 1871 158 B1 in diff. BF. Ego X+ dY _ ax П X + y pr ex B v. cognitae, ex qua aequatione trochocidibus omnibus senerali, si

445 3137 1859 138 s tollatur vel dgo, vel de tanc quaelibut auva habere posset generahilem analyticor quod fieri nonpts, adeo nec glaeratis

428 3181 1833 133 sib latio esse potest. Interaq AB A3, si almunde piteru sltem possumus simplo cinerahicis Trochoendis, noeutionem

234 3305 217 74 ope lujus inrent

463 3207 1831 146 abere sppositis quadratur, habebitur hni vra hentraliter follendi x et aequatione aliqua vel dio, altum pr attru

461 3262 1765 127 e a quaatlonis a er efaliande si non poxet, tammem quia descripto nrahicis Tredioendi. per motura

248 3361 1816 93 isa nbocatur alits ducens  neo postrumus habere semper effectionem hujus aegpationis novprnae gncomericam

258 3303 1999 148 rechic omrost, ut alibi meni simpr haberi potest aleudo in fy 1. torda puo alirinta, idto ta ut mmobilii centrm

502 1965 1126 115 BH, DEП CE, NA . Et BH, CD. CE BA ex quo squitur sumam glorum

496 1988 1747 143 senarem tigmae aequari psis AB in c2Y c d a AA, Cd П DE1BA. parro CH HB CB. unde rusu fiet-:

1708 1972 47 67 Ce

1741 2039 555 105 si. venique CH, CD CE, CB. idn est)

64 2920 403 86 B. elegans observas

40 2971 329 68 tenterums efficere ut

33 3013 340 69 trigonometria indioi

43 3043 334 78 sibitrum nos jubent t

48 3086 303 82 cpplicare pris

39 3135 299 72 difieclatiis, et

50 3168 317 76 statum novum hac

41 3217 322 56 bibimus teoremo

52 3254 159 81 Elegans
