2413 3595
41 31 2268 160 hraberi potest, enempe corvam haberi posse, cujus differentiae  absiissarum sint Elementis cuivara

41 87 2248 162 rediprocee nam tunc fiei Vp, sib, et eris v. ad Parabolam, in qua differentiae summis recipivcae. Sed

41 157 2230 162 eg canae H(H) ex ips AN p)V. erit elium parabola ex Hypothesi sed jam non video an haec sit

39 219 2224 168 realis pestied curvari quaeri in qua ssuit differentiae absissarum curvae Elenventis recipiocae

37 289 2228 170 Nis Nisi s intelligas Ascissas mutes in ordinatas. e quaeretum civa in qua differentiae

37 351 2286 184 abscisurm sint ordinatarum sint cujuis reciprorae, id est. (+ Nae  8 posita a constanto

87 437 2188 154 quod non est in potestate si et B. constans fier enim (3+ co pi . adeoque eo eit quantitas

97 495 2180 152 constans svi recta  reta,  locus erii ad rectam. sed sii (3. variat alia atque alia frei curva.

81 561 2192 159 Quaeritur ergo progressio aliqua talid, ut si nunei cm abscissarum, ut ex ea calculentur

65 613 2194 175 pordinatae secundum resulam quandam funt differentiae seu Bc cd. relationis quae jubetur

109 679 2164 177 ut sit relatio inter abscistas  ordinatas quaelibet: +c +dyx er. 50. et retatio

117 840 2210 154 posteriore, inseratuo in priore et tunc quaeratur diffecentia inti ipsarum V. quae invemetur

129 908 2156 142 per C. ) ruru per aequationem posteriorem quaeratur differentia ipsarum X. quae absolute dabitur.

133 960 2186 156 Ergo absolute etiam dabitur differentia ipsarum Y. quae etiam absolute dabitur exsolis

131 1026 2126 142 Ergo ex datis y apparebit an tates assumtae siit b. c. d. et. et gradus

155 1088 2108 150 ermsusionum, ut fiat quod desideratur. Interim etsi tatis curva vijo tractabilis videatur

125 1148 2212 160 haec tamen de ea habemus, ut si ponatur ipsa C(C).  et ipsa cumm H() deberat

117 1220 2230 152 esse parubolae, ipsas AD fore etam ad parabolaim sei enim Vp, S. quae est ad parabolac

115 1282 2152 140 ut aliunde mihi notau: dabitur ergo hujus curvae Elementur Z. sed jar video me eriasse

63 1398 464 109 non quidem in his, sed

571 1410 30 83 en

767 1342 1502 131 posui dixisum si sa y pro curvae elemento cum sit

848 1382 1433 157 reciprocae B, et ty, fiet constans. Unde haberetur rectastro

129 1541 608 96 Curva C1C). inte rea satis c

852 1436 1435 169 nos didicisse etim haec problemata valia esse, et aliquando

107 1537 1606 186 solubtlia cum quaeritur retatio inter differentias ordinatarum et abscissarum

147 1577 2080 200 In omni cuva verum est esse. aElementum curva: Vax + dy. Et esse tangentis

139 1751 256 72 intervallum e

301 1805 80 74 ok

1629 1891 700 122 si extendatur plumum superu

159 1933 1377 126 TB ad axem aequantur ipsis V ad curvam.

153 2015 1159 108 cylindriformis in rectam, erant AF vel NH

1382 1983 935 110 (Ax +dY et AN vel FH A v. Quae

163 2049 2114 131 V sumi possunt prosarbitio. Quaentu jam t quaeruntur jam D tales ut sit curva

2069 2109 284 105 esse +,jo

197 2119 1852 125 H (1) parabolica, vel alia quadrabilis constat in paraliolica, cujus ordinatae v,

2091 2176 120 86 fiet

187 2302 140 84 ergo

914 2298 1389 130 Jam video denique his nihil feri posse, nam cndetur AN

922 2364 1381 106 magnitudine et positione, utiq dabitur ot N H magnitudine

723 2408 1640 116 et positione ex data curva natura data autem NI curvae de quaquaentur

683 2488 439 98 Dabitur longitudo

499 2620 154 92 Alitert

442 2682 269 100 proparabola:

1963 2654 388 80 cum pambolae seu

1837 2714 552 70 intervultum perpendicularium

1917 2754 24 64 n

990 2722 88 124 sici

1969 2766 138 46 axo

1134 2758 1219 121 Nax dv v problema ergso cujus ope

419 2836 1856 97 cujus libet curvae dimensio haberi posset  hunc redit. ordinatam invemire

437 2905 1948 94 quae in summ absussum ducta datum det valorem, sed jam video nihil hinc hater

429 2963 1890 98 nam, scimus summam ordinatarum in suas abscipsas differentius ductarum

435 3023 1886 102 aequari semiquadrato ultimae. adeoque res iterum eo redit, ut inveniatur summa

1945 3077 352 108 Et quoniam

95 770 2188 160 iplarum X ad arichmelicas sit e eg+ fX+g+ hX eu o. valor ipsius X ex

85 1447 590 142 ipsa (3 Sa. mndesi

445 1729 102 76 dx

605 1737 104 64 +

451 1793 114 102 dy.

159 1881 330 108 et TB BE

599 1867 154 120 qe

783 1657 1334 166 sit AD,, v. Erit RB,, x et fier. 7Dp, Vax = a

775 1797 1372 170 ax +d inc x TB) VVa +ay id est

377 2290 290 96 de 11, 20

327 2348 192 92 Cdx + dy

585 2318 188 108 Sax na

189 2172 1818 142 adeoque fiei: liqque ordinatarum ax+dy differentias esse dx + dy

1999 1735 74 78 dx

920 2238 1113 140 eu set c. pono inta drsiax +dg p 2V dX + dy

769 2688 49 64 H

619 2512 1332 192 sereralicasquata cut: dsvane natui p + ane + dy

978 2588 1361 132 AN,. Sax +AG  posito b. esse semilatus

1440 2700 164 64 dv

445 3089 1236 132 Elementorum cmivae, seu b. s + + a 17 V. cunque
