2475 4078
101 389 642 132 Tmnxime Anglis Batavisque

838 99 1403 154 sit haberi possit communi Geometria, an vero sit tanscem

829 174 1557 168 quae calculo Algebraico exprimi non potest.  ed de quo

858 249 1558 154 alibi. Ex his autem jam infinita pulchra theorenata

856 323 1569 175 partim abtaliis inventa partim non inventa duci possent

870 410 1575 156 et quidem solo calculo,  nullo innu pro

897 489 1498 165 pemodum imagina tionis lubore, nullis Ex quidem

926 564 1515 149 smagulum quale est  1C+D 2C, voco phara

1246 573 354 99 autem ad lineam

881 702 440 104 seristicum

1201 684 45 63 io

1242 720 190 95 circalitie

1423 641 1020 124 quinc eius ope ra juvenir

1541 745 38 47 s

868 783 591 127 possunts eidita

1529 774 62 57 reo

1563 779 513 86 uperficies salsidas rotation

1885 734 82 70 vic

1967 709 469 93 dentur  admi–

868 858 371 100 dabilia.

1314 792 1122 175 T ad smmait Ad inveniendam

890 874 1471 181 curvae dimensionem seu summam omnium 1C2C,

881 1010 710 127 Ong quia 1C2C aequ

904 1014 1552 225 V dx. dx + dy.dy. Hinc statim habetur modus invenicud

902 1105 1554 206 curvae dimensionem ope alicujus quadenturae, Ex. gr. in paratol

908 1187 1528 226 est  si sit yaequ Xx. erit dy aequ X dx. Unde

1765 1309 678 134 est ergo 1C1C ad dx ut

1742 1479 633 113 recta aequalis curvae paabolae

1253 1526 1206 166 a Sagvaa + xx pendet ex quadratura Hyperb

892 1592 1544 197 ut alias jam ub aliis inventum habetur. EEt hinc pendet

922 1771 222 86 etenus

1201 1667 1244 170 ae inlineis olegunter enuntiari possunt per

924 1728 1476 202 seneralia quaedam peoremata, sed hoc cmivis retinquo

915 1810 1444 188 unum tantio exim peu ascribam supra dixi esse:

913 1871 1537 199 fiy. dx: dy. Ergo erit +dus aequ. y dx. Ergo

1606 1948 853 147 e aequatio in lineis enuati

1616 2068 147 77 dera

1849 2043 181 107 gnegonus

2080 2016 374 113 alis demonstrat

926 2075 1002 163 dat poldrum teoremati Guomeldis

913 2084 1539 222 a nempe sit AF perpervanalis angulus BAF rectus

913 2168 1543 197 et sint AF aequales ipsis BC, et FG parallelae ipsi AB, ed

924 2229 1535 204 aequales ipsis BF, nempe 1F1G ipsi 1B, T, erit (+ d

926 2288 1494 224 seu _ summa rectangulorum ex + sive  verb. g.

920 2360 1534 215 4F4G(seu 4B47, in = dyseu 3F4F, seu 3D4 C) hoc

938 2539 1235 193 area figurae A4F4GA, aequalis ipsi

994 2607 1467 220 su summa rectangulor acae figurae A4B4Cs

967 2698 1299 170 et suoraliter AFGA aequ. AF G ABCA.

743 2743 1664 229 vicisim Alia quoque quo exfigurae inspectione statui patent,

920 2816 1471 206 ex calculo etiam facile ducuntur ex. gri quod in

2386 2911 18 104 s

924 2893 1471 201 trilineo ut ABCA sommo omnium adinatalum pdaxem

942 2947 1446 215 abscilsarum ad basia applicutarum aqmibus

933 3024 1519 197 cadinatia ad axem appliula su summa omnium

949 3133 1498 224 figuit ABCA, cum figum complementali AFCA

1808 3192 612 136 nam calculus ossendet

954 3262 786 156 aequatur rectangulo ABCF

2252 3253 200 131 si quis

938 3341 1518 220 raerit solidum rotatione circa axem factum, tantu

988 3599 208 105 basia

1303 3502 1131 190 (XXdu i pro momento ex vertice

992 3581 1435 229 Vx dx, quae serviunt, ad invenienda centra

994 3676 1444 213 gravitatis figurarum. Si quis quorat centrom

1019 3763 1422 185 linearum et super ficies earum rotatione

902 1393 754 93 162 C erit dx saa + x+

897 1576 324 136 seu s

1702 969 666 113 Sa dx di

897 1411 1555 186 ordinata Hyperbolae daa +xx ad constantem a.

917 2061 338 116 tdu aequ

2101 944 306 68 rg

1412 2025 170 115 dx.

924 2458 1517 194 hoc est rectanus 4F 3G + 3F26 + 2F,G et. seu

2255 2519 199 115 sy dx

933 3085 1508 206 rectanus ulorum et qac in 334B aequatur sagmo omnims

942 3296 1267 208 quod fX sy dx + sxdy aequ. Xy.

913 3420 1543 213 quaerere debepotst s y ys dxi siu pro solido c

113 1724 714 111 F ut ita alculo exprimuntur

271 1762 590 98 iiventa r ffugenii lonta

208 1832 449 103 Heuatii et Neicai

147 3742 723 95 et ex primunt ungulam gregorii

181 3781 610 90 a5. vincentio et quae deinde

183 3824 621 106 Pascalius, Wallisius, Lalovea

215 3871 680 111 alii circa haec invenere. Nam et
