2475 4078
95 63 1534 143 generatas ex  superficiem lineae AC. arca AB

1847 172 553 95 daxem applucatarum

2087 212 347 87 punctis respondem

40 267 186 77 itares

61 212 1620 189 quam statim reducet ad quadraturam figurae alicujus planae,

2207 328 236 57 C apulicat

2075 258 354 86 tibus B, ita

90 275 1961 193 si pro y et dy. substituat valorem ex Ba natura ordinatarum

2139 328 238 97 ali lait

2132 407 252 68 ad 2B, unde

92 355 1591 188 et tangentium curvae. ita pro parabiola y aequ. ea

2125 457 318 73 sit figura cujus

2144 496 285 83 area est illi

101 430 1582 199 sit y aequ. 1rax. eut dy aequadx ut mox palebit

2155 555 265 79 ipsa summa

81 570 657 141 Ergo erit  prodibit

45 736 1605 177 exquadratura paobolae, ide  quae cum habeatur ex

70 792 1772 195 communi Geometria, habebitur et planum circulus superficier

77 858 1749 200 Conveidis parabolici aequalis; quae prolixe diduere non est hujus loci

86 931 1656 206 Hac autem, quae magunque viteri possunt, sunt tantum facillima

97 996 1580 209 caleuli hujus corollaria,, Malta enim majora htac sequantur

101 1055 1578 211 nec ullum fere problema  facile problema sive in

99 1107 1677 225 Geometria pura sive ad Mechanicem applicata occurret, quod

54 1241 929 177 e ejus vim effugiat. Elementa

188 1302 918 184 Jam ipsius calculius exponamus.

99 1436 1301 213 sit  aequ X x et _ et Xt SdX aequx

1727 1574 616 95 tis partium, est

79 1628 396 116 Addito e su

1892 1626 492 109 differentia summa

61 1624 1622 208 Malsiplicalio sit D ego p erit al aequ X dy + y du

1128 1728 759 163 Yd x+y aequ dx + dy

61 1767 938 149 unde vici Additio et subtractio,

1305 1816 1115 148 dx +dy aequ X+9 vel dx-du aequ X-y

101 1850 1100 166 si vel dx-y aqu dx-d7 Contra

117 1900 1770 172 idem est et in pluribus literis; nea hic, signa movamur. et generatiter

972 1984 195 64 um partta

88 1957 1935 193 dici potest summam ex differentiis, esse differentiam summae seriei totalis

63 2134 1539 190 uunde contra fiX A + et notandum idem esse an

104 2297 247 113 scribas

92 2279 2247 233 fidem esse sribas Sax + Ny (hoc est per supradicta x + y7 quia sax aequa

160 2478 1548 172 F Fundamentum Calculi: differentiai et summae sibi recipiocae

79 2548 1555 195 sunt, hoc est summa differentiarum seriei est seriei terminus, et

65 2625 1628 184 et differentia summarum seriei est ipse seriei terminus, quorum

72 2761 533 107 illud ita enantio:

729 2689 1168 165 (dx aequ X. hoc ita:  ds x aq. x

1663 2809 75 102 ex

111 2845 675 102 it s es 6

1665 2890 52 73 x

133 2893 583 129 sitt senes differentiae

419 2940 532 113 series ipsa: 0 1

265 3019 387 116 seriei summae

67 3017 1764 206 Hia jam Termini seriei sunt summae diffe entiarum ileu. X aequ sax

117 3176 1730 183 summarum seriei, sunt ipsi seriei termini, seu d sx aequ X.

138 3260 1756 163 ita 3 est differentia inters et 6, et 1 et 4 et 6 inter 4 et 10.

967 3319 649 81 is sc suavel pumase gerentia

213 3328 1620 174 Ad ditio et subtractio Differentia el sma seriei cujus

133 3409 1632 172 te inu suntq  smmavel conflatus per additionem

129 3461 1777 197 vel subtractionem terminonum aliarum serierum, eodem

151 3522 1843 202 modo ex harum serierum summis vel differentius conflatur

194 3790 270 65 vel contra

534 3751 1091 138 X + y =  aequ. dx + dy- du

133 3853 2031 153 ues natet in sprienti, siquis tres serdes ejusque r eanumque esuisque et cujusque sumnas

83 117 2330 172 rolatae tantum quaerere debet y Sakdo + dady seu summm omnium PC ad

56 645 1943 197 seu Sdx syy+ aa seu (ax raxtaa quo prnde quod pendet

759 570 768 130 Cy ax ax + au exdx

201 1397 1065 154 sit y aequ xxmi dy aequ

559 1295 1188 186 Fundamentum  d fx aequ x et saxaego X

412 1508 1965 188 bhactio fxveaequ X +Y erit ly aequ d +  dysen summa ex differen

70 2063 1607 179 Multiplicatio simples a Xy aequ. X dis 1 y du.

1625 1415 738 127 et vilessum x stu aequ Xy

394 2217 1240 195 d x+y an dx + dy. vel a feribas

65 2449 512 129 an Cax+ sdy

822 2888 66 73 1.

1010 2908 438 107 3 6 10 15

822 3024 30 68 o

1047 2988 476 93 4 10 20 35

95 3108 1777 181 ita 3 aequ 1+ 2, et 6 aequ. 14 2+3 etc. Contra differentiae

1652 2961 77 79 Sx

113 3624 1786 200 seu NXXNLn Sd X ty V aqu. dx dy-d

296 3867 535 84 X  y-V aequ

892 3807 878 139 (x + sy  sx Experientia sa

2003 724 356 80 ezi enim

1940 820 464 104 tenlelocus ad paraboa

2069 777 338 83 imnium rax

1908 885 435 91 posito tam summa

1915 940 229 115 AC esses

2175 956 207 81 ambolam

1971 1010 388 86 AB ejus avem.

2019 1105 351 109 figuro  cesu

1917 1164 419 113 llicertum deberet

1996 1259 336 68 etcurra quae

2042 1209 351 77 figum immulam

1967 1302 460 90 gravibatem obd

1965 3273 478 75 a a aeq. 0. posito

2005 3303 447 99 a esse quantitatea

2048 3364 404 81 constantem, quia

2076 3407 340 104 d- a est b.
