2243 3767
485 46 1119 100 jam junctae AC, A(C)  N П) XFy.

1141 33 94 50 sunt

477 106 1728 111 describatur arcu  C E, ita ut E cadat in rectam AE (C), erunt ipsae ECC

1683 66 530 84 Centro A, radio AC

471 169 1294 119 differentiae inter AC et A(C), sive ECП e p tC

494 259 1721 103 Ergo ep 2a. io Si ergo liceret y sumere Arithimeticae pro

467 336 1729 107 gressionis habtumus Quaesitum, se videtur tamen nihil referv etsi

477 414 1734 107 a progissionis arichmelicae sumserimus. Sumtis enim X progressionis

458 491 1755 101 Arithmeticae, sequitur ipsas AD.  sive Y, esse ipsas AC tive e recipt

471 542 1755 121 proprotionales esse. Quod si autem sunt semel, erunt semper. summa

473 606 1759 113 autem infinitarum reciproce proportionaliam habetur quacunque sint progre

464 667 1764 115 ne ex quibus recipioce proportionales sumuntur, neque enim hic rectangulorum

452 724 1770 117 ulla ratio habetur, ubi aequali altitudine opus est, sed simma linearum omnium

454 788 1759 109 scilicer EC) initur. Sed jam video difficillatem ipsam omnium  summa

467 845 1721 119 sive omnes Ea sive ipsas AC) non haberi, nisi fliatur cujus progressionis

458 914 1741 126 sint ipsae y. Quod hoc loco ignoratur. Quoniam ipsas x necesse est esse

467 1002 919 109 progrestionis Aullmeticae non ipsas y.

1822 1000 404 81 sin jam in aequa

453 1238 1697 105 imo generaliter nentri assignardo progressionem, fier: xy+ ya

458 1312 1705 96 adnondum quiquam praestitimus, considerandum ergo ex doctiina indivisi–

462 1360 1278 86 bilium e producta PCS. dum ipsi AD occurrat in

1748 1364 38 52 s

1830 1368 105 76 esse

175 1410 1927 124 sumnu omnes  ad basaxSapplicatas ad AB, aequalem summae omnium As.

464 1481 951 99 catarum ad  AD. id est soe

443 1594 1726 147 sive dysy+ dyso, dxs a  onendo jam y. progressionis  Arithmeti

469 1678 1713 140 fiet. N +   dXL aX Logy. At paulo ante eadem facta supposition

475 1753 1493 147 ipsarum y progressions Arichmetiae fuit  +a fiet:

1074 1826 199 55 tonate nun

435 1923 1780 140 in qua solae supersunt X. ex V. extra vincula, nempe: 260g  a Logs Xyyx

450 1998 1713 119 quae aequatio cum sit determinata locum dabit quaesitum. Et valde memorabilis

446 2061 1715 123 est haec methodus cum enim non  sit hc in nostra potestate tet aequationes

462 2126 1703 119 habere quot incognitas poterimus tamen saepe plusculas obtinere aequationes, et

452 2174 1736 130 earum ope quosdam terminos elidere, ut hocloco aX. quae sola nobis obsrab at

441 2235 1734 134 singulae aequationes totam includebant quaestionis naturam, nec tamen ex is erii

446 2289 1715 146 poterat solutio, quod hedia facilia hactem desint conjunctioruarum aequationum rem

435 2337 1780 163 compendio dedit. Videor idem aliter obtineae potuisse per momenta. Ubi inmentem

441 2419 1753 134 venit consideratio nova non inelegans, In fig. 2. est BCП 3. FC П dy

446 2494 1721 128 sit punctum G medium ipsius FC. patet momentum ipsius FC, esse rectangulum sub FC et 8G,

456 2638 760 95 infinite parvum negligi potest, adeoque orit

1315 2615 900 113 Sydy B  sive momentum omnium

446 2682 1704 105 Fe aequabitur differentiarum FC, aequabitur ultimi termini momento et vay dy

427 2747 1656 99 et y²t dy  y dV. pono supra in aeq. O faciendo x authmeticam fet.

674 2892 792 109 idem pi y dy. siet ergo y dy a

1528 2923 300 75 . et erit

477 2978 1594 110 Sy dy e sa - (sX) X. at jam invenimus esse Syay p s fies

479 3055 1632 105 ergo y²+x² 2sa. ut ante, vel dy + x2a. ubi  patet res

479 3116 1644 104 notabilis in his aequationibus in quibus reperiuntur ( et d. ubi jam una, v.qs hic

471 3183 1711 85 X. pro nuthmetile procedente sumta est, non posse jujus inverti,  nec dici nos habere

448 3231 1748 96 valorem ipsius ∞x, nempe ∞) 24- dyr. quia dy non potest intelligi nisi deter

456 3340 1671 110 talis sumi potest, deber ut sint x propressionis Arichmetice, ergo ipsae y supponunt

443 3407 1718 102 ipsas X, non ergo per ipsas inveniotur X. Caeterum hac arte multa poterunt

462 3463 1741 113 praeclara habei treo remata de curvis alios intractabilibus, jungendo scilicet

467 3536 636 91 plures e, isrodi aequationes.

1842 192 208 115 dxty

473 1146 1369 120 fiet:  x + a.  xy+ ya a.

460 1063 1772 119 tione superiore faciamus X + 2V E pa faciamus V. progressionis Anchmetae

408 1544 1418 119 dysy rasso  d dx sx + dx seo. Jun dysy e X et

209 1889 157 92 ai

335 1919 92 75 -va

494 1820 1690 145 ax   y et supadX  Y+ _. erque habemqus denique aequationem

1323 1921 25 58 L

1947 1146 84 74 vd

1528 1471 654 96 vrcando DS, Пv. fet Epph–

1696 1868 507 84 +x a-yx 22²Lagy

450 2542 1709 136 id est rectangulum BFC. nam cum sit BFC+ GFC. posterius quippe prioris ratione

437 2812 1648 132 Syd Y psa s fuit y d Y a -xy sive e dy a-xy at

460 3283 1676 109 minata progressionis natura, ipsius Y. ipsius y. autem progressio, ut d serviat

113 1243 338 75 differentia inter duas

87 1094 250 71 Nota idem est

110 1138 218 86 dX. id

96 1194 295 80 et X. id est

163 1291 234 70 proximas.
