2399 3394
267 88 2067 138 paria opera Malhematicae D. petri de fermat Caploris Tolosano

139 181 1267 96 Accesserunt serecto quodm Ejusdem Epistotae, vel ad

1442 196 889 92 asum a plerisus doctissims viris Gallic

145 237 1556 104 latine ve Aalice de rebus ad Mathemalicos disciptina pertinentibus

1720 263 611 99 scmtae Tolosae apuditramem

147 301 1082 98 per h. 16 167G. St. sunt paginae 210

130 356 2191 90 hommal es scuvans 9 feur. 1665. dil que M. Carcavi est de positarie des eerits de ch. fermati

124 414 2207 78 on a de cM. fermat une methode ponrta quadraturedes parabiles detous les derres. Unc autre de

118 465 2226 85 aximis  Minimis. Ene introduction aux lieux plans d solides qui est un trarte analutique concenant

133 514 2149 93 ta solution des problemesplans et solides, qui avoit este veu avant, que M. des partes

139 571 2175 90 eut riea pubtie ince suiet. Un harte de contactibus sphaericis on a demonstre dans les

64 622 2218 105 solides, ce que M. viet l'avoit demonstre quedans les plans lan autira harte duns lequet il retiblit

82 676 2241 106 les deuxlrures Apollonius des trenx plaus Et une mehiode generale por la dimensiondes lignes Comibres

171 741 2152 101 synesus Eveque de cyrene ecrivant a la scavante Hypatia die, se me honnesi mal que, an

122 797 2210 108 desoin que jiaus besoindun hydroscope je nons prie de facie facre un decurare ec de me l'actet

162 854 2106 98 en donne par apres ia descruption, qui fait voir arsement que ce n'estvit autre chose, quec

111 901 2195 100 qu on appelle aniuurdinus un pese liqueq; mars le p. petna et autres i yavorent icea compris

88 940 2248 119 et quam ce pvit pere vit explication de M. fermati il ea fut foit tent. C est que cespnes

84 993 2248 128 voulbit se dserdir de cel instrument ponr sa sante et pour de discernementdes enu qu il benvit

147 1040 2138 149 Fermatus in sagoge ad loeos planos ad solidos Et quae pulabam primm prodidisse Cartescum

79 1110 2212 119 nempe aequationes duaumi neogrularum dare locos, et commodissime fieri si dua lines recta

109 1163 2191 119 aagulum constitnentes sumantur si duas quantitates innotas ad datum angulum constituamus ea vocat

99 1229 1647 98 a et e. notat de de dare Hyperbolam. Uliter angalis obliquis

1831 1223 441 81 equitur appeadio

79 1276 2231 100 continens soluvem problematum solidorum plocos. sequitur appendix de modo accoamodandi

96 1329 2165 107 Joeos ad soluoes solidorum problematum.  (fere ut postea Plusius) et ostendit hinc modum ora

86 1402 1294 89 problemata solida solvendi per crrentum ee parabolam

113 1436 2027 115 pnimoe propositio api in lib. 1. Appoll de locis planis a pappo relata est.

2282 1493 47 87 A

79 1495 2114 117 duae lines agnatur vel ab uno dato puncto vela duobus, et vel in rectam linea

35 1557 2169 117 ett parallelas aut datum continente, cingulum. vel inter se datam proportionem habentes, vel

77 1615 2173 106 datum comprehendentes spatium, contiagat autem terminum uunius locum plinum positione ratum

47 1661 2240 126 et alteriusterminus lorum planum positione datum glingetnn olemonstrat quide hoc verum

50 1730 1200 131 Fcimatius, sed non ostendit foutem Therrematis

81 1742 2214 168 si Apollonii et hac propositio, si rectae magnitudine dator, et cuidem positione dato

71 1810 2245 149 aquidistantis unus terminus contingal rectam positione datam et alius cerminus aliam rectam positiae

82 1872 2173 128 datam continget. Hoc Fermatius eta verum ostendit in circulis poterut ergo generalius concipi

84 1917 2115 166 si plamum locum contingat,  unum extremum, tunc locum planumjuns tingere & alterum extreuum.

86 1974 2220 156 si a puncto ad possitione datas duas rectassparallelas vel conveniente, id est in uno

43 2026 2271 151 plano positas iDucantur rectae linet in dato angulo vel ralam habentes proportionem vel quaum

30 2075 2255 155 una simul cum ea ad quam altera proportionem at datam data sit, continget punctum rectamositione

39 2204 200 81 eatam

373 2126 1905 155 si sunt quotium recta positive data atiue ad ipsas a quoda puncto ducantu rectae

58 2175 2250 151 lineae in datis annntis sit autem quod data linea et ducta continetur una cumcontento data linea

30 2230 2263 172 et altes ducta aequale ei quod data et alia dacta, e reliqua continetur, punctum recta sinea

33 2366 657 102 positive datum continget

769 2285 1528 153 propositionem ullimum lib. 1. Apollomi de locas planis,

77 2343 2186 198 refertur a pappo, vel lbrario habere t partes sed esse falsam ex notat praete

43 2451 1394 134 unum casum, arecto spatm ravem comprehendunt datam

148 2507 2132 132 er Fcimati cui tilutus proportionis G eometrirae in quadrandis infiniti parabo

71 2564 2212 145 lit et Hyperbolis usus. Nempe assumit absussas progressionis Geometricae, unde et ordinala

47 2634 2227 147 sunt progressionis Geometricae, ergo et rectangula sub ordinatis et elementis ab scissarium

30 2694 2125 139 supt progr. Geometiieae. Quorum summa invenir po ex Crerremate, quod differentia temanoru

47 2739 2216 140 progressionem constiluentium est ad minire terminuim, ut mnximus terminus ad reliquos ves in infimtum

47 2788 2218 149 sed in casu Hyperbolae cois ubi paraldelogrammam sunt abquatia nulla est differentia, et ideo

52 2901 604 89 evans scit hoc auxilium

744 2854 1458 112 Haec methodus videtur & in servil pro dobliquis ordinatis

56 2977 89 56 rev

814 2915 1456 111 nam si ipsae AB et psa BC suit progessionis Geometrile

936 2975 1330 105 emnl et ipsae Bd progressionis Geometrica quippe eunde

943 3035 1323 102 semper ad BC angulum habentes ergo et parallelapas

64 3145 128 69 uera

1054 3113 26 75 3

1159 3103 1111 85 Ergo eadem methodo inim pb summa. Hiac

228 3151 415 120 paraboti formes vel

675 3167 24 49 L

857 3135 223 85 hpbenius

1103 3154 1184 81 sudraturas fujuraum quae non sunt Hyperbotonde

456 3218 43 65 et

918 3205 172 62 formet

1103 3207 960 102 restandula, sed alternius natura, vg. si sib

1242 3250 276 79 ec bentro

64 3188 139 76 MA =X

259 3205 97 69 AB

545 3203 752 120 Fy-VN. e. inac LC- + X lu x2b

1538 3256 380 64 y4 X f1-yr. sin

1546 3288 632 60 v evir:r  Vedir

1940 3231 343 81 -x sir e

2080 3216 109 70 MA=

2212 3245 71 65 dol
