2242 3749
31 49 398 84 Novembi. 1693.

591 26 740 61 Methodi tangentium Tirvesae exempta.

41 54 2030 143 Jam superiore mnno ntihi pro posueiam quaestimem quae inr difficillimas totius Geometriae haberi

1302 114 27 58 s

1773 108 250 83 natus indabo

45 137 1713 104 potest vel ideo quod nnhil conferum methodi hactenus vulgatae: Nimirum quaeritur

462 183 1319 102 curva C(C) in qua intervalla ordinatarum BC, et perpendicularium

466 241 1286 106 ad curvam, PC, in axe AB (8) smmta, sint ipsis ordinatis BC

458 316 1302 77 reciproce proportionalia. Sit alia recta A Dsad ipsam A Rarem

454 351 1312 107 normalis, inquam ducantur ordniatae CD, ita ut ipsae AD abscissae

450 404 1348 125 ex axe AA) si ipsis BC ordinatis ad axem A B3() aequales

431 481 1308 93 erunt et CD ego odmatae ad axem AB aequales ipsis AB

418 549 1488 98 abscistit ex axe ABB). Appellemus APП BCП V. et ABBDCП X.

406 622 1444 81 conscat ex alibires a me demonstratis x ipsam BD vocemus co

418 683 1353 98 Constat ex alibi a me demenstratis, esse omn ad ergo

560 743 792 117 scop: et ipsam B(B3)

1362 762 498 81 vocemus Z. Constat

389 839 1042 89 ex alibi a me demonstratis: essecoz

387 908 138 97 esse a

587 912 1225 100 .2.  e At ex quadraturu

414 983 1242 106 Tricuguli pates esse 1 y. Ergo cot

391 1066 1453 94 jam ex hypothesi est a. ita enim erunt ipsae co ipsis Y

377 1139 460 85 reciproce propartionales

718 1191 111 54 jam

887 1153 263 88 Ergo fiei:

1496 1247 110 73 At

368 1316 594 100 ex quad ratura Parabolae; ergo

1337 1362 638 98 quae est aequatio explicans

372 1410 782 110 relationem inter ordinatus et absciu

372 1489 1440 104 inventam ergo habemus curvam, quae est ea et uno verbo

1166 1445 686 83 as xcyrae quaesitae C(C)

362 1551 1088 92 Parabola (ubica, cujus vertex A. et povendo

370 1612 1592 102 Videbimus ergo an verum sit hoc T heorema sane memorabile.

308 1678 1727 125 in Parabola crubica sunt intercept intervalla perpendicularium

308 1755 1604 96 n ad curvam et orinatarum ad axem, in axe sunta AB p sumta

306 1820 1119 110 on ipsis iptis ordinatis BC. reciproce proportionalia.

1485 1822 288 83 Hoc calculus

350 1874 1560 106 tangentium facile ostendet; aequatio Parabolec cubicae: Xc V.

356 2070 1504 123 +n B3 ponendo BTПt. intervallo inter tansentem et

343 2155 1088 121 ordmatum in e:  jam BP co

337 2257 102 90 Ergo

1179 2241 756 116 sunt ergo ipsce c ipsis y.

345 2347 1046 144 recipince proportionalii quod desiderabatur

343 2443 1601 114 Analy seos hujus artificium in eo fuit, quod ex ordinata abscissam

345 2503 1559 112 fecimus; n cujus stratagematis antea non venerat in menterur

125 2565 1696 132 on est difficilior paulo vitetur quaestio, si quaeratur curva in qua ipsae BF

302 2630 1519 117 e internilea ordinatarum et perpendicularium sin ipsis AB

283 2686 1208 123 abscissis recipio ce proportionates. Nempe co a

1575 2693 227 83 et erit:

293 2826 1546 121 nisi ope curvae logarithmicae. Ergo ot figura equae satis faciat

281 2882 1558 131 est lagaritmum se in Rabtmplicata ratione logieri chmorum ab

304 2940 1558 136 in qua ordinatae sunt in subduplicata ratione logarithmorum

310 2997 1304 143 ab abscissis; quae figura  est ex numero transcendentium

310 3040 1838 169 At retera difficilior est quaestio, cum quaeritur ut ipsae. AD sint ipsis BC ordinalis

300 3120 1525 152 absciptis recipiore recipiore proportionalis. Nempe X+ eo  a

1502 3211 244 81 sive fiet:

233 3584 1292 92 in qua momentus ordinatarum ex axe, et abscissarum ex vertice

1625 3561 279 96 sive Jam

427 758 68 91 c

389 1216 398 102 2M 3. Equ

823 1233 352 106 sZПX. Ergo

1473 849 312 100 sive

1208 1133 40 83 b

1016 1357 121 84 X П

1146 1332 91 148 isa

1198 1235 104 106 XП

1318 1243 142 125 57

1460 1160 377 110 LП V. adeoque

1625 1243 73 121 x

1756 1241 83 75 V3

1760 1299 88 83 36a

300 2005 1541 111 fiet: 3xba П . Ergo  ex met hodo tangentium slusii erit

341 1945 1457 94 ponendo C labere recto, sive pro ct ponendo 3ba, sive c П 53ba

479 2255 269 121 d. П

616 2330 121 75 bas

791 2318 79 73 V

1512 2139 263 116 st p X.

297 2759 1601 127 jam sed П d. ergo YП Y 2 sco Fjam sed non potest inveniui

316 3257 409 110 et co2n D.

612 3313 33 56 ec

806 3213 673 121 et Sz П X sive ZП

456 3299 1302 150 co X p) Q. et co p QVX. et fier: X + 3 x.

201 3411 1470 129 ponendo ipsas xrithmeticas, eut _, constans,  et fiei:  X+ 1a

1618 3328 194 85 2d 5N

197 3474 2028 139 et (XП). A 53 - V. et. X + Y  s a sic quat figura sioc d n es ca

1923 851 168 61 Summa

1885 891 290 98 differentia

1931 2732 238 102 AC relirsa

2119 2774 37 81 ex
