2424 4045
146 22 1324 128 avalliscis in dedicave .q Merbomus dialogum, at

1526 17 873 93 Brounserum exemplum adata

129 65 2263 150 salis sumplex quo modo ceciquando cac probema impossibie querent, veniamus ad calculum

168 188 277 110 possibilem

485 119 1921 137 a si si supponatur, inquit Tmnagulum cujus crura sint BC_ D Cet CD  BC, e et

577 173 1806 152 et Cd I et basit Bd, 4, petatur autem sia vertice C demittatur

762 240 1617 142 ad basm perpendiculans CA, ubi sit punctum A. Erit Analysis

674 532 1689 133 FBd qu.: ZBd. p ide ad est explicatis numeris

1232 582 1111 123 quod Et tamen casus est impo sibitis

478 649 1817 171 quia tale Trrangulam duci nonpt cum sit basis maic d la

481 687 1886 216 basis 4 major dinobus ateribus simul 1 et 2. f+ Respondenum

404 871 83 104 est

526 766 1846 182 ansalo tale appotheficum esse quod inventur seu si dare suptale

1603 833 794 133 Impossibilitas autem hic non

429 959 29 63 es

494 894 1014 139 tirangulum poditurum hunc vatorem

427 912 1936 173 apparet, quia fex non moo totus sito non untolbitur, in caltulo, sed

398 975 2003 173 si id feret, referendo ad rectam ec secundum doctimam locorum apparecet

402 1105 387 130 impossibilitas+)

184 1123 2197 227 Qvallisius in lib.de Motu, momentum vocat quod motur efficiendo cnducit

200 1197 2194 205 sed impedimentu quod contia. id monentum refert Vim motricent temsus

209 1262 2165 198 Resirtentim, notentur ad impedimentum refert resistentiam et Cconsitudinem,

227 1341 2174 171 Fego putem alius ex nam quanto majus tempus eo maja minies momentum, quo major angitudo, hoc ouppus

236 1476 339 101 momentum

721 1400 1685 141 sub Gravilatis nore quamvis aliam vim confinuam  in quiidam comprehendi

272 1501 595 130 pandus est Gravilatis imensum s

1038 1453 1012 131 prrectio alia est mobilis alia vis mohricis

2205 1449 185 85 Oblae

2311 1537 81 69 d

152 1510 2123 177 est angulus quem directio motus cum directionegragitalis cuoventis inclinao est

1398 1561 994 108 Effectus sunt causis sins adae qualis proportionas

175 1602 983 137 horitouem dechinas a pecidunari

227 1609 2149 177 Hamc ap 7 cag cap 1. de Motu prop. . 1, s Ee causa C faliat effectum

231 1667 2166 159 ergo causa seunda e faciet secundum Effectum E, et utia tectium adeose 2E facies 2G, et 3e facies

166 1721 2111 177 contranoruus amperatur aequupollet praepollentis excessui, Congruentuum aggregatum summer

168 1755 2231 206 arreatur fil plaepollens, idem est si contrarm minuatur sn minnatur Aequipollens aut conharium e

173 1842 2224 164 fil hunus pollens Htacppositum ex momento et impediueato habetur pro praepollentu Himomenur

184 1887 2210 182 praepolleat motum efficit si nulli fuent rachoal, si affuent, anget. Si praepottet impedimentur

204 2015 630 110 Tollit austum vel miniuil

249 2056 841 162 vis guaria si aequipollet sustinebit

276 2085 2118 216 Excerpantur extdaleio quae habet Alg. p. 365 deVameris decimalibus

222 2218 947 155 fractionum in Cibantum redeuntibm

287 2289 1622 169 dehords Muscers Experm. AGgeb. Evallis. C. 107.

294 2429 157 87 inserie

161 2471 583 120 Medum auter I, Z, 3

1463 2402 940 141 medium inter duos primos terminus

222 2489 2152 194 Val Quadraturam Hyperbolae ua ocllisim eom. Eptico  Epust 16. Forte

242 2586 2155 178 a Broenkeri juventum, que alicui dixerat corcnisin Quadraturoraum Hyperbolae samilem

357 2712 603 119 in Hturae scrcnli invenisse

1137 2669 713 140 in Comererohalico cvallisi

215 2737 144 116 pps

242 2743 2078 162 invenius apud dn. Fermal qua propositionem et a me olum

229 2802 2138 167 potatam; potestates numeri 2 quam ex ponentes sunt numeri progressionis

1918 2871 78 59 prim

267 2901 2024 159 Gecnetricae ejusdem numeri 2 unitate auctae sunt nume nemne

1785 2952 596 117 imo pato jam notam

1775 3027 543 92 meum theorema

1540 3134 834 108 d Nenmmeros pmpiltrou et sumona ejus abinationus unt lin

1861 3083 464 94 longe aliud

757 323 1651 121 talis CBqu- BA qua CA quo = CDgu. - Ad qu = cd qu 900.

715 397 1686 113 =CDqu -BD-BA, qu. = CDgu- BDg0. + 2 Bd. BA-BA qu. Adcc

685 460 1687 137 CBqu = CDqu -Bd qu + 2Bd. BA ideoque BA = (Bqu-Cdqu.

661 629 519 126 fit BA- 19: 8.

1232 2422 177 79 10625

843 2447 321 139 2og, 1471

1023 2541 121 74 630

1245 2516 140 79 2772

185 994 69 104 Bs

707 3048 192 84 Ex. g.

712 3121 700 117 sed mea regula est merior

924 3047 670 103 L+ I, = 2+ I ~257)

527 3293 401 113 necum iheoremus es

793 3222 223 76 primitious

1585 3215 821 104 quod non omnes mpretendit primition

1477 3237 92 104 ser

754 3247 689 114 Thegrema Fermatiu

1605 3289 259 72 est primitious

910 3321 643 106 +Ce eBe CI-

1592 3296 760 128 +et = e Ergo si e sit

1805 3377 562 103 primus utique 2-, potest

1823 3436 558 96 dividi per C. sed sin non

1740 3492 612 99 sit primius. sed si e non sit

1751 3541 641 97 primition, et per alique interi

1771 3593 610 85 in driadi possit Et hoc putet, sed

1621 3698 591 81 condendom pote esse e primitivum

2338 3701 36 51 pe

1625 3748 185 72 in in

692 3768 1662 119 pusus flimo p ceoreum, hic conquntendum omnis mumtam sumbinalarius b rerum

1639 3815 728 95 n min m quia aomtrus obimatoria b

863 3833 747 110 dicndi pit per 5 si 5 sit arumtious

1407 3867 969 89 rerum, et numerus 16 cunquam sinit pimi inter se

1361 3712 208 92 pedu

1606 3636 795 92 rcissui ostendendum si 22- dividi pbper

2075 3721 319 85 Hinc D2 nos sibid

849 3671 558 115 T.4+6+4 + 1 pt 15 divudi per 5.

110 3694 661 101 143+3 +)  non pb 9. dioidi per 4

125 3641 1340 96 3 5 F.3. 112. 1. pt 3 Disidi per Z. pl. 3+I dividi per a.

155 3739 710 93 onpb dividi per 6

998 3715 467 106 116415, 26+ 1546+1

86 2892 145 99 4 habet
