1923 2265
737 15 171 49 nouvelle

401 67 466 82 Methode Edes

975 70 313 81 rigentes ou

519 83 1383 138 De Maximis et Minimis. Ita ut non sit opustollere imationalitates

594 241 55 57 de

371 266 1455 91 Monsieur Termat Conseiller au Parlement de Tolouse a trouue le

388 320 1472 120 premier un mogen general. de donner les Touchantes de toutes les lignes:

380 392 1488 122 courbes Analytigues, c'est a dire dont la nature peut estre expliquee

375 453 1498 143 par une equation. Mons. des cartes par apres a fait le meme effect

397 518 1465 152 par une autre voye, en faisant voir que les Equations qui servent

382 567 1509 176 a trouuer les tangentes, out deux racines egales. Mais le calcul dont

392 643 1491 156 il se sert est trop prolixe et trop embarasse pour estre mis er

402 783 427 115 usage. Monsiani

839 700 1031 139 edde Hudde, dont les deux letres adjontees

387 802 1495 163 a la fin de la Geometrie de schoten passent sans contredit, tout

385 895 1472 150 ce qu'on avoit ecrit auparavant en Analyse, a trouue im

402 967 1512 166 abrege admirable, en multipliant les termes d'une equation par

406 1043 1501 171 les termes d'une progression arithmetique. Il est vray que

409 1118 1457 160 ce qu'il dit ne regarde que les Equations d'une seule inconnue,

405 1187 1500 163 il avoit ne antmoius la methode de faire le meme sur les equations

1672 1270 210 71 Qcet

397 1269 1230 160 de deux indeterminees iquoggu il ne l'ait pas publiee.

401 1326 1465 178 donc a Mons. Slusius que le public en est oblige, et

402 1398 1465 173 apres cela plusieurs out cru que celte matiere estoit epuisee

398 1481 1517 173 lais comme Mestieurs Fermat, des Cartes et slusius out suppose

1797 1580 56 55 a

406 1566 1397 171 que la nature de la courbe soit exprimee par une equationu

426 1624 1470 182 purgee des grandeurs rompues et irrationelles, il est aise de

409 1697 1462 187 jnger que pour les ester il fant qua le calcul grossisse quelques

419 1845 513 106 fors horriblement,

956 1799 930 97 et que l'on monte a des dimensions tres

417 1872 1493 150 hates, dont la depression par apres est tres difficile mais absolurem

395 1959 1467 132 necessaire, puisque je feray Doir par une autre voye, qu'on

402 2056 987 116 nlavoit pas beson de monter si hant.

1428 2053 423 74 lay donc trouue
