2400 3381
182 118 449 148 pio simili metho

654 108 187 136 q. ponsi

862 52 1447 154 lineas sit curva, cujus elementa si prog procedant

360 195 305 82 nempe ut dipio

165 227 231 116 ali modo

460 120 1872 199 (ut in pambola semtenbiea) & curvos certo semper arrulo aequali insistant

167 195 2120 205 rectae esim  ave progressionis Geometires, tum aren haberi poterit. Hinc et

193 227 2139 238 h recta ipsa in cuivam extcusa, vel ejus e quadratis atis, ete proportionales

204 298 2096 241 rectae semper applicentur curvae semper inbeniri poteit area. Hoc El

227 403 1518 201 prodeunt sane linea Analylicae in curpis mensurabilibus

1586 572 65 68 dev

467 471 1833 218 Fermatius ut suam Methodum ad centra gravitatis

263 587 1928 207 pplicet. sit parabolicus. Convi,s sie enim cogitur, cento gav. quaesitum E

580 738 164 103 alius A

779 646 1545 169 R cujus centum E. demonstrat stidumeres in paratola coi idem demon–

612 691 1680 206 stratur in altioribus esse D et E simliter posita seu A1: AO:: AN: AE

610 758 1588 198 inde M lentrum gi. ipsius BV. Est autem E0: OM:: ut polid portio

603 809 1652 220 convidis BV, ad pationem ABR ha Earmm autem nrtionum iatur ratio

627 965 867 128 AO sit A et 1A sit B et 1N sit E

1847 1014 363 84 ubi tandem

293 1048 2011 266 aequationem instreuendus, et E ecidendo debito undo habetur valor ipsius A. Sed hic

244 1125 2090 249 duo  praecognita adhibet, primo relationem intm portiones figure, quae non semper

233 1196 2106 237 datur secundo naatione quod A C. pumo quod E secat rectam A in ea ratione

838 1262 1513 167 sed haec etsi in parabolocidibus non tamen in altis semper curvis

285 1376 528 137 qua Osecat rectom AI

295 1474 250 92 procedit

642 1335 1596 184 einde assumit datum ravem relationem inter portiones ser

328 1500 579 119 inter ABR et ACV

932 1399 1411 160 forte lamenforo hoc licebit meo more assumt e summem

1193 1512 539 86 ANq BL

783 1549 327 88 vetem exte

1152 1553 746 86 libata, nunc per oecasione novam teu

278 1604 323 75 non dalam

638 1596 333 86 malha

317 1545 1990 203 tumm. Ego sic proressinem sit ipsius ACV centrum gravitatis c.  secibitur

505 1598 1829 208 per ipsum figura in aequalia momenta est autem anea elementum fignio

496 1684 1725 190 sit AP A , et elementum  solidi v et AO sit

483 1744 1683 200 et Ai sit b et AO sit a Erit elementum solidi

387 1820 1885 210 et ejus momentumhabebitu ducsus in Op, seu in a-v. sit (a-x vna

371 1910 1859 169 momentm ipsius ALX. ubi allimm v est a seu a s av-r ao

369 1996 1531 162 rrs elentam psius LY est Aut sT est et momentum ipsius

394 2203 821 109 est a, ultinuum vero est. b.

1283 2141 771 135 et habebitur aquatio:

1127 2278 38 105 b

1204 2227 1011 134 (ubi V incipit ab 80 funt in a)

1274 2308 1000 156 ubi v incipit ab a, desn finit in b

260 2398 2076 205 Ergo addendo in unum cognomina, ibi v incipa ab o finit ia, et rursus

315 2593 258 106 fiuit a

638 2488 1543 171 incipit ab a finit in b, quia se continuant,

1197 2624 349 88 summat

1578 2582 637 100 habebruus

338 2618 827 130 ut vide simpliciter habentur

1338 2689 220 92 fiet

1623 2661 596 98 hujus quarended

764 2723 1480 167 si generalem methodum consideremus abi quadcoturanon da ponur

300 2749 2022 222 dise centia Sed tunc video eliam a debere

1644 2838 725 118 du Ergo da = V du

398 2924 673 115 in constantem ec fiet

1608 2939 376 77 timono habentu

2037 2928 344 135 posito dat

2198 3086 61 67 co

2317 3042 54 106 so

311 3025 1966 158 milatem esse parametrum Generaliter pro quovis auqua

1518 3134 855 96 quadrasura utraque nec unus summa ad, attra

310 3174 1133 131 a sydx  c gdo; seu quando ermo

449 3163 1939 171 sallem ratio datur vel relatio datur veniendu ad non ideo quadraturas haben–

375 1049 1444 185 et OM seu B-A- BA. F + A. E²-B. A. b E, : B. E-B.5

506 950 1721 208 et O. E =. AE: B. et OП =OE: 0s e AE1B et DE seu AE. B ad OM ut

1593 879 622 114 erit B.A -AE: 8 = AE

390 2120 876 126 est LVstve v dn in v-a seu

872 2304 208 87 de

437 2276 324 116 a (r r

1916 1468 399 89 B = ut X. ergo

420 2364 764 143 (V du -e (r do

1306 2079 1028 113 (Vre de - a (v. ao ubi primum v

960 2693 115 109 neI

317 2776 75 77 cle

567 2753 205 81 dp

1939 2007 30 96 s

2247 1746 92 96 d

304 3131 816 119 pco VB Va ponendo g. fit

1165 2930 394 84 jam a

1338 3087 780 108 (a-v ydb sL (uarin va.

227 2502 48 107 B

242 3119 99 72 centri

141 3012 152 74 Haec pur

150 3097 83 51 ila

140 3127 81 49 arat

114 3157 83 66 dista

112 3228 96 51 aqus

107 3255 161 52 momento

118 3169 223 93 grav ductam
