<?xml version="1.0" encoding="UTF-8"?>
<alto xmlns:xsi="http://www.w3.org/2001/XMLSchema-instance"
      xmlns="http://www.loc.gov/standards/alto/ns-v4#"
      xsi:schemaLocation="http://www.loc.gov/standards/alto/ns-v4# http://www.loc.gov/standards/alto/v4/alto-4-2.xsd">
  <Description>
    <MeasurementUnit>pixel</MeasurementUnit>
    <sourceImageInformation>
      <fileName>img_LH_35_8_1_4v.jpg</fileName>
      
    </sourceImageInformation>
  </Description>
  
  <Tags>
    <OtherTag ID="BT16575" LABEL="MarginTextZone" DESCRIPTION="block type MarginTextZone"/><OtherTag ID="BT16576" LABEL="DamageZone" DESCRIPTION="block type DamageZone"/><OtherTag ID="BT16577" LABEL="DigitizationArtefactZone" DESCRIPTION="block type DigitizationArtefactZone"/><OtherTag ID="BT16578" LABEL="DropCapitalZone" DESCRIPTION="block type DropCapitalZone"/><OtherTag ID="BT16579" LABEL="GraphicZone" DESCRIPTION="block type GraphicZone"/><OtherTag ID="BT16581" LABEL="NumberingZone" DESCRIPTION="block type NumberingZone"/><OtherTag ID="BT16582" LABEL="QuireMarksZone" DESCRIPTION="block type QuireMarksZone"/><OtherTag ID="BT16583" LABEL="RunningTitleZone" DESCRIPTION="block type RunningTitleZone"/><OtherTag ID="BT16584" LABEL="SealZone" DESCRIPTION="block type SealZone"/><OtherTag ID="BT16585" LABEL="StampZone" DESCRIPTION="block type StampZone"/><OtherTag ID="BT27322" LABEL="text" DESCRIPTION="block type text"/><OtherTag ID="BT27323" LABEL="GraphicZone-formula-inline" DESCRIPTION="block type GraphicZone-formula-inline"/><OtherTag ID="BT27324" LABEL="GraphicZone-formula-complex" DESCRIPTION="block type GraphicZone-formula-complex"/><OtherTag ID="BT27325" LABEL="MainZone" DESCRIPTION="block type MainZone"/><OtherTag ID="BT27326" LABEL="GraphicZone-figure" DESCRIPTION="block type GraphicZone-figure"/><OtherTag ID="BT27327" LABEL="GraphicZone-formula-strikethrough" DESCRIPTION="block type GraphicZone-formula-strikethrough"/>
    <OtherTag ID="LT6926" LABEL="DefaultLine" DESCRIPTION="line type DefaultLine"/><OtherTag ID="LT6927" LABEL="HeadingLine" DESCRIPTION="line type HeadingLine"/><OtherTag ID="LT6928" LABEL="InterlinearLine" DESCRIPTION="line type InterlinearLine"/><OtherTag ID="LT11324" LABEL="default" DESCRIPTION="line type default"/>
  </Tags>
  
  <Layout>
    <Page WIDTH="2489"
          HEIGHT="3905"
          PHYSICAL_IMG_NR="84"
          ID="eSc_dummypage_">
      <PrintSpace HPOS="0"
                  VPOS="0"
                  WIDTH="2489"
                  HEIGHT="3905">
        
        <TextBlock HPOS="335"
                   VPOS="52"
                   WIDTH="2153"
                   HEIGHT="3643"
                   ID="r83"
                   TAGREFS="BT27325">
          <Shape><Polygon POINTS="383 237 390 560 365 642 415 710 460 810 483 967 503 1157 498 1287 490 1395 433 1460 420 1602 435 2460 435 2657 470 2807 455 2853 382 2920 345 3065 335 3452 338 3685 573 3695 2168 3615 2488 3494 2465 1495 2450 1232 2435 835 2443 467 2378 52 453 85"/></Shape>
          
          
          <TextLine ID="eSc_line_b03814e2"
                    TAGREFS="LT11324"
                    BASELINE="1707 110 2332 93" 
                    HPOS="1703"
                    VPOS="53"
                    WIDTH="629"
                    HEIGHT="92">
            <Shape><Polygon POINTS="2245 65 2213 65 2200 55 2158 56 2146 67 2041 67 2031 58 2031 58 1803 62 1790 71 1785 75 1703 75 1707 110 1707 132 1781 145 1783 145 1887 141 1890 141 1892 141 1892 138 1903 130 1905 130 1983 138 1985 138 1987 138 2013 127 2020 125 2035 127 2094 136 2096 136 2152 125 2174 121 2191 125 2219 132 2222 132 2224 132 2332 121 2332 93 2326 53 2281 54"/></Shape>
	    <String CONTENT="quovis momento temporis"
                    HPOS="1703"
                    VPOS="53"
                    WIDTH="629"
                    HEIGHT="92"
                    WC="0.9768874645233154"></String>
          </TextLine>

          
          
          <TextLine ID="eSc_line_cf70d5c8"
                    TAGREFS="LT11324"
                    BASELINE="522 141 1696 110" 
                    HPOS="520"
                    VPOS="64"
                    WIDTH="1176"
                    HEIGHT="113">
            <Shape><Polygon POINTS="522 141 525 177 559 164 627 173 644 175 646 175 648 175 651 175 651 173 653 173 661 162 679 171 685 175 687 175 690 175 692 175 703 171 733 156 800 167 828 171 831 171 833 171 848 164 878 151 904 162 920 169 922 169 924 169 926 169 928 169 937 162 956 147 1026 147 1063 147 1078 156 1089 164 1091 164 1093 164 1095 164 1145 154 1160 149 1165 151 1173 160 1173 162 1176 162 1178 162 1180 162 1241 160 1243 160 1271 147 1275 145 1280 147 1295 158 1297 158 1299 158 1302 158 1304 158 1330 145 1343 156 1345 156 1347 156 1349 156 1453 143 1525 154 1527 154 1529 154 1564 138 1625 147 1627 147 1696 130 1696 110 1691 64 1577 66 1558 82 1505 69 1503 69 1501 69 1499 69 1438 88 1308 88 1284 75 1278 71 1263 71 1256 78 1245 86 1230 78 1218 72 1203 72 1193 80 1178 95 1141 95 1130 82 1126 80 1126 78 1124 78 1121 78 1119 78 1117 78 1115 78 1115 80 1111 84 1098 97 1024 97 1011 88 997 76 932 77 900 93 887 99 835 99 826 95 798 82 796 82 794 82 792 82 789 82 789 84 772 99 766 104 726 101 570 86 568 86 566 86 540 97 520 114"/></Shape>
	    <String CONTENT="Si grave descendat perpendimlaritur sive libere"
                    HPOS="520"
                    VPOS="64"
                    WIDTH="1176"
                    HEIGHT="113"
                    WC="0.9734513848385913"></String>
          </TextLine>

          
          
          <TextLine ID="eSc_line_b7c58cdc"
                    TAGREFS="LT11324"
                    BASELINE="1180 210 1226 208" 
                    HPOS="1178"
                    VPOS="182"
                    WIDTH="48"
                    HEIGHT="47">
            <Shape><Polygon POINTS="1180 229 1226 227 1226 208 1219 182 1178 184 1180 210"/></Shape>
	    <String CONTENT="uli"
                    HPOS="1178"
                    VPOS="182"
                    WIDTH="48"
                    HEIGHT="47"
                    WC="0.9453702569007874"></String>
          </TextLine>

          
          
          <TextLine ID="eSc_line_438e3e4b"
                    TAGREFS="LT11324"
                    BASELINE="449 214 1124 173 2365 149" 
                    HPOS="447"
                    VPOS="108"
                    WIDTH="1918"
                    HEIGHT="139">
            <Shape><Polygon POINTS="449 214 449 247 748 240 750 240 752 240 802 221 868 236 872 236 874 236 876 236 878 236 915 210 980 208 1180 208 1184 206 1206 206 1208 208 1267 210 1269 210 1271 210 1295 199 1369 221 1373 221 1375 221 1377 221 1380 221 1384 219 1432 195 1571 212 1573 212 1575 212 1577 212 1597 195 1644 210 1647 210 1649 210 1651 210 1712 188 1837 203 1870 208 1872 208 1874 208 1890 203 1939 184 1987 190 1989 190 1992 190 2031 177 2102 188 2104 188 2107 188 2128 180 2163 195 2178 199 2180 199 2183 201 2183 199 2185 199 2202 193 2245 175 2276 190 2287 195 2289 195 2291 195 2365 186 2365 149 2360 117 2156 108 2154 108 2152 108 2111 121 2102 125 1712 134 1699 132 1657 121 1655 121 1653 121 1412 130 1410 130 1408 130 1395 138 1390 141 1367 138 1278 132 1275 132 1221 143 1195 147 1147 145 1052 138 1050 138 1009 147 972 156 911 149 852 145 850 145 848 145 831 151 822 156 802 154 770 147 768 147 766 147 763 147 757 154 744 162 457 162 447 169"/></Shape>
	    <String CONTENT="ocu libere, quovique momento temporis aequalis ipsi imprimitur gradus celeritatis itaque"
                    HPOS="447"
                    VPOS="108"
                    WIDTH="1918"
                    HEIGHT="139"
                    WC="0.9655838662927801"></String>
          </TextLine>

          
          
          <TextLine ID="eSc_line_c221d83b"
                    TAGREFS="LT11324"
                    BASELINE="464 284 596 266 902 249 2393 208" 
                    HPOS="462"
                    VPOS="173"
                    WIDTH="1931"
                    HEIGHT="135">
            <Shape><Polygon POINTS="1197 210 1193 203 1039 219 1037 219 1035 219 902 206 900 206 898 206 861 223 783 210 781 210 779 210 776 210 746 227 746 229 462 236 464 284 464 308 1048 273 1091 284 1093 284 1095 284 1145 273 1165 282 1178 288 1180 288 1182 288 1219 279 1282 266 1371 275 1438 279 1440 279 1443 279 1464 271 1490 260 1555 266 1620 273 1623 273 1675 262 1696 258 1712 260 1764 271 1766 271 1855 258 2031 262 2033 262 2035 262 2037 262 2061 247 2065 245 2117 245 2141 260 2143 260 2146 260 2148 260 2295 255 2393 232 2393 208 2389 180 2002 173 2000 173 1855 195 1848 195 1846 195 1785 180 1783 180 1781 180 1714 184 1712 184 1709 184 1690 199 1586 186 1584 186 1581 186 1579 186 1553 203 1551 203 1464 190 1462 190 1382 208 1319 195 1317 195 1221 201 1219 210"/></Shape>
	    <String CONTENT="eselita si tempora sint A, veleritates quaesitae TC &#x27;ordinatim applicato"
                    HPOS="462"
                    VPOS="173"
                    WIDTH="1931"
                    HEIGHT="135"
                    WC="0.9417143784877327"></String>
          </TextLine>

          
          
          <TextLine ID="eSc_line_b1f5696c"
                    TAGREFS="LT11324"
                    BASELINE="481 329 857 303 2360 269" 
                    HPOS="479"
                    VPOS="227"
                    WIDTH="1881"
                    HEIGHT="126">
            <Shape><Polygon POINTS="481 353 692 347 694 347 755 331 783 347 785 347 787 347 789 347 859 327 1067 334 1069 334 1154 318 1215 327 1217 327 1219 327 1221 327 1239 316 1312 325 1315 325 1386 314 1479 329 1488 329 1490 329 1492 329 1499 327 1577 308 1618 308 1649 325 1651 325 1653 325 1655 325 1666 323 1766 303 1785 316 1788 316 1790 316 1792 316 1794 316 1827 301 1885 314 1887 314 1890 314 1920 299 2054 312 2076 314 2078 314 2081 314 2089 312 2143 295 2219 308 2232 310 2235 310 2237 310 2239 310 2241 308 2265 290 2304 305 2308 308 2311 308 2313 308 2360 303 2360 269 2352 227 2295 240 2180 232 2161 232 2159 232 2143 234 2063 249 1881 251 1864 242 1857 240 1855 240 1853 240 1824 245 1768 253 1753 247 1744 242 1742 242 1740 242 1738 242 1727 247 1709 255 1638 251 1581 247 1579 247 1577 247 1575 247 1568 253 1560 260 1532 253 1514 251 1512 251 1469 255 1399 264 1332 260 1239 255 1236 255 1234 255 1208 264 1195 269 1141 266 1009 262 1006 262 922 275 898 277 883 275 822 266 820 266 818 266 772 279 768 282 479 288 481 329"/></Shape>
	    <String CONTENT="ad rectam AF terminabuntur in rectam AC, Spatia autem percursa exunt ut"
                    HPOS="479"
                    VPOS="227"
                    WIDTH="1881"
                    HEIGHT="126"
                    WC="0.9893259615965293"></String>
          </TextLine>

          
          
          <TextLine ID="eSc_line_dab63c52"
                    TAGREFS="LT11324"
                    BASELINE="486 386 1160 344 2415 325" 
                    HPOS="483"
                    VPOS="288"
                    WIDTH="1932"
                    HEIGHT="115">
            <Shape><Polygon POINTS="486 403 787 386 985 390 987 390 1243 366 1343 377 1345 377 1347 377 1373 364 1733 355 1831 366 1833 366 1835 366 1864 351 1957 362 1959 362 1961 362 2007 347 2078 362 2081 362 2219 342 2410 353 2415 325 2410 290 1831 288 1829 288 1744 305 1722 292 1720 292 1718 292 1716 292 1662 303 1581 295 1579 295 1377 316 1184 305 1182 305 991 329 980 329 965 329 709 323 707 323 705 323 653 338 651 340 483 342 486 386"/></Shape>
	    <String CONTENT="areae ATC et spatium F5 percursum uniformi celeritate TC vel, AS, tempore"
                    HPOS="483"
                    VPOS="288"
                    WIDTH="1932"
                    HEIGHT="115"
                    WC="0.9724661348617241"></String>
          </TextLine>

          
          
          <TextLine ID="eSc_line_50f46cf9"
                    TAGREFS="LT11324"
                    BASELINE="477 436 1417 388 2391 373" 
                    HPOS="475"
                    VPOS="336"
                    WIDTH="1916"
                    HEIGHT="121">
            <Shape><Polygon POINTS="477 457 575 455 577 455 614 440 670 453 672 453 674 453 802 449 805 449 807 449 828 433 980 442 1006 442 1009 442 1039 440 1213 420 1555 420 1555 418 1618 407 1677 416 1701 418 1703 418 1744 414 1831 401 1855 410 1870 414 1872 414 1874 414 1929 405 2009 394 2035 403 2052 407 2054 407 2057 407 2391 388 2391 373 2384 336 2033 347 2031 347 2015 336 2013 336 2011 336 2009 336 1946 349 1933 351 1916 351 1811 340 1809 340 1742 355 1733 357 1729 355 1688 340 1686 340 1683 340 1536 344 1360 351 1358 351 1321 370 1282 370 1267 370 1265 370 1071 360 1069 360 980 381 974 381 969 381 902 370 900 370 898 370 870 383 865 386 859 386 807 375 805 375 475 397 477 436"/></Shape>
	    <String CONTENT="+F, est duplum spatii AC ATC accelerata eleritate inde usque celeritatem sC"
                    HPOS="475"
                    VPOS="336"
                    WIDTH="1916"
                    HEIGHT="121"
                    WC="0.9716287271181743"></String>
          </TextLine>

          
          
          <TextLine ID="eSc_line_f741a2d8"
                    TAGREFS="LT11324"
                    BASELINE="492 490 1115 449 2378 418" 
                    HPOS="490"
                    VPOS="375"
                    WIDTH="1888"
                    HEIGHT="134">
            <Shape><Polygon POINTS="2300 375 2287 388 2285 388 2269 388 2039 381 2037 381 1885 401 1879 401 1874 401 1766 390 1764 390 1762 390 1701 407 1696 407 1690 407 1588 397 1586 397 1397 403 1395 403 1393 403 1375 416 1351 405 1349 405 1347 405 1160 410 1011 429 950 418 948 418 946 418 943 418 924 431 640 431 637 431 490 446 492 490 492 509 848 496 850 496 857 494 900 481 937 492 941 492 943 492 946 492 948 492 950 492 950 490 969 475 1030 472 1115 472 1141 483 1154 488 1156 488 1158 488 1160 488 1163 488 1171 481 1186 470 1284 477 1338 479 1341 479 1343 479 1362 472 1388 464 1408 470 1427 479 1430 479 1432 479 1521 466 1581 457 1616 462 1662 468 1664 468 1666 468 1688 459 1701 453 1733 457 1805 466 1807 466 1809 466 1853 453 1896 464 1898 464 1900 464 1903 464 1905 464 1929 449 1931 449 1946 449 2352 449 2352 446 2354 446 2356 446 2378 431 2378 418 2373 386 2319 375 2311 375"/></Shape>
	    <String CONTENT="eodem tempore percursi, si T it proportionaliaipsis, ATC ordinatim Japplecentur ad AT eri 1"
                    HPOS="490"
                    VPOS="375"
                    WIDTH="1888"
                    HEIGHT="134"
                    WC="0.9690341841388534"></String>
          </TextLine>

          
          
          <TextLine ID="eSc_line_e675a015"
                    TAGREFS="LT11324"
                    BASELINE="479 540 1380 485 2382 459" 
                    HPOS="477"
                    VPOS="425"
                    WIDTH="1905"
                    HEIGHT="145">
            <Shape><Polygon POINTS="1779 433 1727 449 1681 440 1679 440 1677 440 1675 440 1660 453 1657 453 1579 442 1577 442 1575 442 1516 457 1473 446 1471 446 1469 446 1466 446 1412 459 1369 451 1367 451 1364 451 1338 462 1176 459 1173 459 1171 459 1169 459 1152 472 1132 462 1130 462 1128 462 993 466 991 466 989 466 969 479 917 470 915 470 913 470 911 470 889 485 885 485 870 485 737 479 735 479 733 479 731 479 716 492 477 501 479 540 479 570 566 566 568 566 570 566 590 551 646 559 648 559 752 546 785 557 787 557 789 557 792 557 798 557 883 540 941 551 950 551 952 551 954 551 959 548 1006 533 1254 535 1293 535 1295 535 1308 533 1375 518 1599 520 1686 520 1688 520 1820 514 1822 514 1824 514 1831 509 1848 498 1877 507 1892 511 1894 511 1896 511 2382 483 2382 459 2378 425 1966 431 1894 444 1883 444 1877 444 1783 433 1781 433"/></Shape>
	    <String CONTENT="ArY parabola, et si quidem celeritates et tempora. lineis aequalibus repraesententuo, et spatiad"
                    HPOS="477"
                    VPOS="425"
                    WIDTH="1905"
                    HEIGHT="145"
                    WC="0.9722804129123688"></String>
          </TextLine>

          
          
          <TextLine ID="eSc_line_1c9de74c"
                    TAGREFS="LT11324"
                    BASELINE="2111 568 2354 561" 
                    HPOS="2109"
                    VPOS="533"
                    WIDTH="245"
                    HEIGHT="67">
            <Shape><Polygon POINTS="2111 594 2263 600 2265 600 2267 600 2269 600 2285 587 2287 585 2354 583 2354 561 2347 533 2109 538 2111 568"/></Shape>
	    <String CONTENT="susus sit"
                    HPOS="2109"
                    VPOS="533"
                    WIDTH="245"
                    HEIGHT="67"
                    WC="0.9869770871268378"></String>
          </TextLine>

          
          
          <TextLine ID="eSc_line_2e7463ca"
                    TAGREFS="LT11324"
                    BASELINE="479 594 1247 544 1675 531" 
                    HPOS="475"
                    VPOS="490"
                    WIDTH="1200"
                    HEIGHT="134">
            <Shape><Polygon POINTS="479 624 746 596 774 607 781 609 783 609 785 609 831 603 939 585 1000 590 1043 594 1045 594 1048 594 1076 585 1095 579 1102 583 1111 590 1113 590 1115 590 1117 590 1119 590 1121 590 1130 581 1134 579 1150 581 1200 585 1202 585 1204 585 1256 572 1284 566 1306 568 1356 577 1358 577 1525 555 1623 561 1625 561 1627 561 1675 542 1675 531 1668 490 475 555 479 594"/></Shape>
	    <String CONTENT="cerenelatum aggregatis parabolaeque ordinata FI applice"
                    HPOS="475"
                    VPOS="490"
                    WIDTH="1200"
                    HEIGHT="134"
                    WC="0.9622826879674738"></String>
          </TextLine>

          
          
          <TextLine ID="eSc_line_80b4dddd"
                    TAGREFS="LT11324"
                    BASELINE="384 657 707 620 920 616 1286 590 2028 570" 
                    HPOS="379"
                    VPOS="529"
                    WIDTH="1649"
                    HEIGHT="145">
            <Shape><Polygon POINTS="384 668 388 674 651 655 670 661 674 663 677 663 679 663 681 663 687 661 739 637 792 655 800 657 802 657 805 657 807 657 815 653 861 633 904 648 917 653 920 653 922 653 924 653 935 646 976 624 1080 622 1126 637 1137 639 1139 639 1141 639 1143 639 1145 639 1150 635 1173 618 1204 629 1206 629 1208 629 1210 629 1269 611 1462 605 1525 613 1540 616 1542 616 1545 616 1547 616 1549 613 1564 600 1607 609 1638 616 1640 616 1642 616 1670 607 1709 594 1766 600 1851 611 1853 611 2028 585 2028 570 2026 538 1926 529 1924 529 1922 529 1920 529 1905 542 1903 542 1885 542 1584 542 1581 542 1579 542 1549 553 1519 544 1516 544 1514 544 1512 544 1469 557 1384 551 1382 551 1380 551 1377 551 1358 564 1343 553 1341 553 1338 553 1336 553 1219 557 1217 557 1156 574 993 570 991 570 989 570 987 570 974 583 930 570 928 570 926 570 848 587 820 579 818 579 815 579 813 579 774 592 748 579 746 579 744 579 742 579 707 594 379 609 384 657"/></Shape>
	    <String CONTENT="deo si _ AT, + et TC x erit  atb bt = av seu x = bt: a"
                    HPOS="379"
                    VPOS="529"
                    WIDTH="1649"
                    HEIGHT="145"
                    WC="0.9735704527960883"></String>
          </TextLine>

          
          
          <TextLine ID="eSc_line_12ad1617"
                    TAGREFS="LT11324"
                    BASELINE="434 702 857 674" 
                    HPOS="429"
                    VPOS="631"
                    WIDTH="428"
                    HEIGHT="106">
            <Shape><Polygon POINTS="434 728 562 737 564 737 648 728 651 728 653 728 670 713 722 726 724 726 726 726 729 726 731 726 748 711 774 720 776 720 779 720 781 720 857 698 857 674 852 637 724 631 722 631 720 631 718 631 696 648 661 639 659 639 657 639 592 655 577 644 575 644 572 644 570 644 568 644 566 644 544 661 475 655 473 655 470 655 429 668 434 702"/></Shape>
	    <String CONTENT=" su I et"
                    HPOS="429"
                    VPOS="631"
                    WIDTH="428"
                    HEIGHT="106"
                    WC="0.9121243804693222"></String>
          </TextLine>

          
          
          <TextLine ID="eSc_line_0874e527"
                    TAGREFS="LT11324"
                    BASELINE="457 754 551 754 828 724 1024 733 1117 715 1299 705" 
                    HPOS="455"
                    VPOS="666"
                    WIDTH="844"
                    HEIGHT="125">
            <Shape><Polygon POINTS="1260 668 1258 668 1256 668 1254 668 1252 668 1252 670 1249 670 1245 676 1221 666 1219 666 1217 666 1087 685 1043 692 989 692 874 687 872 687 770 700 696 711 681 705 668 700 666 700 664 700 661 700 646 707 624 718 455 718 457 754 460 791 596 791 596 789 598 789 601 789 618 776 648 754 746 750 757 759 761 752 783 752 794 752 807 746 835 750 846 750 868 750 889 750 941 741 948 746 967 763 967 765 969 765 972 765 974 765 1152 754 1154 754 1156 754 1156 752 1160 748 1169 726 1184 726 1189 724 1193 720 1299 713 1299 705 1297 700 1278 705"/></Shape>
	    <String CONTENT="sint, proportionales spatis  nempe bb."
                    HPOS="455"
                    VPOS="666"
                    WIDTH="844"
                    HEIGHT="125"
                    WC="0.9829743143759275"></String>
          </TextLine>

          
          
          <TextLine ID="eSc_line_2a2cb7ba"
                    TAGREFS="LT11324"
                    BASELINE="557 807 1675 746 2397 715" 
                    HPOS="553"
                    VPOS="676"
                    WIDTH="1844"
                    HEIGHT="157">
            <Shape><Polygon POINTS="557 830 616 822 690 828 752 833 755 833 757 833 783 824 831 804 987 798 1026 798 1048 811 1052 815 1054 815 1056 815 1058 815 1089 809 1145 798 1176 807 1193 811 1195 811 1197 811 1245 802 1288 796 1343 798 1386 800 1388 800 1390 800 1393 800 1397 796 1414 783 1438 789 1440 789 1443 789 1445 789 1499 772 1566 789 1581 791 1584 791 1586 791 1597 787 1644 765 1775 778 1796 781 1798 781 1801 781 1816 776 1890 759 1985 770 1996 770 1998 770 2000 770 2002 770 2031 750 2078 765 2081 765 2083 765 2085 765 2213 759 2215 759 2271 739 2395 750 2397 715 2393 676 553 776 557 807"/></Shape>
	    <String CONTENT="Sit alia linea quaecunque YY in qua descendat grade loco perpendicularis AX fintus adeo"
                    HPOS="553"
                    VPOS="676"
                    WIDTH="1844"
                    HEIGHT="157"
                    WC="0.9838680405726378"></String>
          </TextLine>

          
          
          <TextLine ID="eSc_line_896e453f"
                    TAGREFS="LT11324"
                    BASELINE="605 865 1256 822 2052 794 2354 767" 
                    HPOS="601"
                    VPOS="731"
                    WIDTH="1753"
                    HEIGHT="158">
            <Shape><Polygon POINTS="605 889 831 874 868 878 900 880 902 880 904 880 917 874 935 865 963 872 985 876 987 876 989 876 1013 869 1048 859 1076 865 1093 869 1095 869 1098 869 1158 861 1243 848 1284 854 1321 859 1323 859 1395 848 1458 837 1486 841 1519 848 1521 848 1523 848 1525 848 1536 839 1545 833 1568 837 1605 843 1607 843 1751 826 1764 826 1766 826 1794 835 1796 835 1798 835 1801 835 1846 822 1861 817 1877 820 1924 828 1926 828 2143 807 2222 813 2224 813 2354 791 2354 767 2347 731 2046 754 1933 750 1883 748 1881 748 1855 754 1794 767 1770 757 1764 754 1762 754 1759 754 1666 759 1642 763 1579 778 1519 770 1497 767 1495 767 1492 767 1482 772 1451 787 1362 789 1341 778 1338 778 1336 778 1328 778 1230 796 1139 789 1115 787 1113 787 1087 791 985 809 954 798 950 796 948 796 946 796 943 796 941 796 939 798 917 811 837 802 822 802 820 802 800 804 685 824 601 815 605 865"/></Shape>
	    <String CONTENT="Ad spatia descentus liberi, seu accessus ad horitontem XP sint ut temporam"
                    HPOS="601"
                    VPOS="731"
                    WIDTH="1753"
                    HEIGHT="158"
                    WC="0.9708542308291873"></String>
          </TextLine>

          
          
          <TextLine ID="eSc_line_5ca4d675"
                    TAGREFS="LT11324"
                    BASELINE="577 915 1827 850 2423 833" 
                    HPOS="575"
                    VPOS="796"
                    WIDTH="1848"
                    HEIGHT="149">
            <Shape><Polygon POINTS="577 935 711 945 713 945 868 924 889 922 894 924 911 930 913 930 915 930 917 930 935 922 946 915 1089 911 1111 915 1163 924 1165 924 1304 906 1347 902 1380 904 1462 908 1464 908 1466 908 1490 900 1512 891 1536 898 1564 904 1566 904 1568 904 1571 904 1573 904 1584 895 1594 885 1709 880 1775 887 1807 891 1809 891 1837 885 1892 872 1920 882 1933 887 1935 887 1937 887 1939 887 1953 880 1974 869 2039 878 2072 880 2074 880 2076 880 2078 880 2085 876 2100 865 2143 874 2163 876 2165 876 2302 869 2304 869 2315 865 2350 854 2421 861 2423 833 2419 796 2026 813 1998 802 1996 802 1994 802 1992 802 1933 817 1931 817 1846 809 1844 809 1618 833 1614 833 1612 833 1484 826 1482 826 1345 846 1343 846 1258 837 1256 837 935 852 575 882 577 915"/></Shape>
	    <String CONTENT="Ondinatat Abscissa sit A Xx ordinata; X feu quam paulo ante appellavimo  minc appellenus X."
                    HPOS="575"
                    VPOS="796"
                    WIDTH="1848"
                    HEIGHT="149"
                    WC="0.9663610035901541"></String>
          </TextLine>

          
          
          <TextLine ID="eSc_line_79089119"
                    TAGREFS="LT11324"
                    BASELINE="562 971 1512 917 2437 887" 
                    HPOS="559"
                    VPOS="841"
                    WIDTH="1878"
                    HEIGHT="161">
            <Shape><Polygon POINTS="562 1002 659 997 661 997 709 978 748 991 750 991 752 991 755 991 805 974 865 982 868 982 870 982 898 969 1160 969 1163 969 1245 954 1282 967 1284 967 1286 967 1380 950 1512 958 1519 958 1521 958 1666 952 1668 952 1670 952 1699 937 1731 948 1733 948 1736 948 2002 937 2005 937 2007 937 2052 917 2081 926 2083 926 2085 926 2146 913 2202 926 2204 926 2206 926 2209 926 2289 906 2434 915 2437 896 2436 852 2345 841 2343 841 2341 841 2339 841 2321 856 2319 859 2137 865 2133 865 2096 854 2094 854 2091 854 2089 854 2054 867 2005 856 2002 856 2000 856 1946 872 1905 861 1903 861 1900 861 1827 865 1824 865 1822 865 1801 880 1766 867 1764 867 1762 867 1759 867 1725 880 1660 872 1657 872 1080 913 1037 915 1026 915 894 906 891 906 798 926 792 926 779 926 585 922 583 922 581 922 579 922 559 932 562 971"/></Shape>
	    <String CONTENT="odinata y. _ tempus insumtum  in descensu ab A usque ad Y sit D, ejusque elemen"
                    HPOS="559"
                    VPOS="841"
                    WIDTH="1878"
                    HEIGHT="161"
                    WC="0.9660325042809113"></String>
          </TextLine>

          
          
          <TextLine ID="eSc_line_0ec18077"
                    TAGREFS="LT11324"
                    BASELINE="559 1021 2395 937" 
                    HPOS="557"
                    VPOS="893"
                    WIDTH="1838"
                    HEIGHT="163">
            <Shape><Polygon POINTS="559 1056 659 1041 841 1045 894 1045 896 1045 917 1041 972 1028 1002 1036 1015 1041 1017 1041 1019 1041 1022 1041 1045 1034 1065 1030 1085 1032 1115 1036 1117 1036 1119 1036 1121 1036 1130 1030 1141 1023 1262 1023 1397 1023 1399 1023 1401 1023 1425 1015 1458 1004 1510 1010 1514 1010 1516 1010 1519 1010 1521 1010 1564 1000 1594 1006 1623 1013 1625 1013 1627 1013 1629 1013 1640 1004 1655 995 1716 1000 1781 1006 1783 1006 1957 997 1959 997 1992 987 2020 978 2057 982 2111 991 2113 991 2202 976 2256 967 2395 967 2395 937 2393 904 2293 893 2291 893 2174 913 2159 915 2156 915 2139 902 2137 902 2135 902 2133 902 2054 904 2052 904 2015 922 2007 924 1937 924 1777 924 1775 924 1573 941 1488 948 1473 945 1417 935 1414 935 1412 935 1356 952 1343 954 1319 952 1210 943 1208 943 1206 943 1167 961 1158 965 987 969 980 969 937 956 935 956 933 956 930 956 889 971 878 976 861 974 787 963 785 963 557 987 559 1021"/></Shape>
	    <String CONTENT="ta sint e seu  dO etementa, veo curve seu ax falu sint de.n  elementat"
                    HPOS="557"
                    VPOS="893"
                    WIDTH="1838"
                    HEIGHT="163"
                    WC="0.9080439710191318"></String>
          </TextLine>

          
          
          <TextLine ID="eSc_line_47522b5d"
                    TAGREFS="LT11324"
                    BASELINE="1692 1041 2041 1028" 
                    HPOS="1688"
                    VPOS="971"
                    WIDTH="353"
                    HEIGHT="102">
            <Shape><Polygon POINTS="1692 1073 1755 1071 1757 1071 1759 1071 1759 1069 1762 1069 1772 1058 1820 1065 1855 1069 1857 1069 2041 1047 2041 1028 2033 971 1996 991 1961 980 1959 980 1957 980 1955 980 1896 997 1870 980 1868 980 1866 980 1864 980 1861 980 1801 1002 1688 984 1692 1041"/></Shape>
	    <String CONTENT="  jam _"
                    HPOS="1688"
                    VPOS="971"
                    WIDTH="353"
                    HEIGHT="102"
                    WC="0.9251602036612374"></String>
          </TextLine>

          
          
          <TextLine ID="eSc_line_e0b32700"
                    TAGREFS="LT11324"
                    BASELINE="553 1086 852 1065 1647 1041" 
                    HPOS="551"
                    VPOS="993"
                    WIDTH="1096"
                    HEIGHT="122">
            <Shape><Polygon POINTS="553 1115 857 1104 924 1089 1275 1089 1278 1089 1280 1089 1282 1089 1282 1086 1284 1086 1293 1076 1347 1086 1349 1086 1351 1086 1356 1086 1551 1067 1644 1076 1647 1041 1642 1008 1527 993 1525 993 1523 993 1488 1006 1419 997 1417 997 1414 997 1380 1015 1304 1004 1302 1004 1299 1004 1269 1019 1267 1019 1158 1008 1156 1008 1154 1008 1117 1021 1065 1010 1063 1010 1061 1010 1022 1028 989 1013 987 1013 985 1013 983 1013 913 1032 911 1032 907 1032 870 1021 868 1021 865 1021 863 1021 861 1021 848 1034 820 1021 818 1021 815 1021 813 1021 776 1034 731 1021 729 1021 726 1021 551 1043 553 1086"/></Shape>
	    <String CONTENT="vero temporis quo libere desunderetur, seu dB dt sin"
                    HPOS="551"
                    VPOS="993"
                    WIDTH="1096"
                    HEIGHT="122"
                    WC="0.9747255983260962"></String>
          </TextLine>

          
          
          <TextLine ID="eSc_line_aecb3d32"
                    TAGREFS="LT11324"
                    BASELINE="2137 1099 2230 1097" 
                    HPOS="2135"
                    VPOS="1071"
                    WIDTH="95"
                    HEIGHT="59">
            <Shape><Polygon POINTS="2137 1128 2226 1130 2230 1097 2224 1071 2135 1071 2137 1099"/></Shape>
	    <String CONTENT="i"
                    HPOS="2135"
                    VPOS="1071"
                    WIDTH="95"
                    HEIGHT="59"
                    WC="0.9957838654518127"></String>
          </TextLine>

          
          
          <TextLine ID="eSc_line_7d6b7551"
                    TAGREFS="LT11324"
                    BASELINE="2130 1138 2252 1132 2360 1108" 
                    HPOS="2126"
                    VPOS="1076"
                    WIDTH="237"
                    HEIGHT="104">
            <Shape><Polygon POINTS="2193 1099 2126 1108 2130 1138 2133 1158 2170 1158 2230 1180 2232 1180 2235 1180 2237 1180 2363 1132 2360 1108 2352 1076 2211 1095 2211 1099"/></Shape>
	    <String CONTENT="i g n."
                    HPOS="2126"
                    VPOS="1076"
                    WIDTH="237"
                    HEIGHT="104"
                    WC="0.9707669218381246"></String>
          </TextLine>

          
          
          <TextLine ID="eSc_line_b82c9bb9"
                    TAGREFS="LT11324"
                    BASELINE="1946 1288 2300 1273" 
                    HPOS="1942"
                    VPOS="1230"
                    WIDTH="358"
                    HEIGHT="84">
            <Shape><Polygon POINTS="1946 1308 2039 1314 2041 1314 2044 1314 2081 1301 2098 1295 2122 1297 2189 1308 2191 1308 2300 1286 2300 1273 2293 1238 2211 1240 2200 1232 2200 1230 2198 1230 2196 1230 2193 1230 1942 1251 1946 1288"/></Shape>
	    <String CONTENT="Ergo erit."
                    HPOS="1942"
                    VPOS="1230"
                    WIDTH="358"
                    HEIGHT="84"
                    WC="0.9997294247150421"></String>
          </TextLine>

          
          
          <TextLine ID="eSc_line_ee4a58cf"
                    TAGREFS="LT11324"
                    BASELINE="616 1292 1783 1230 2436 1208" 
                    HPOS="614"
                    VPOS="1154"
                    WIDTH="1822"
                    HEIGHT="171">
            <Shape><Polygon POINTS="779 1236 752 1245 729 1253 614 1253 616 1292 616 1314 792 1325 794 1325 796 1325 848 1308 907 1316 909 1316 998 1299 1058 1312 1061 1312 1147 1308 1150 1308 1152 1308 1178 1286 1345 1279 1388 1292 1390 1292 1393 1292 1395 1292 1466 1273 1469 1273 1473 1273 1610 1277 1612 1277 1757 1260 1803 1275 1805 1275 1807 1275 1944 1269 1946 1269 2015 1247 2096 1260 2098 1260 2215 1236 2341 1249 2343 1249 2345 1249 2436 1223 2436 1208 2430 1154 2324 1160 2321 1160 2319 1160 2300 1175 2204 1164 2172 1162 2170 1162 2167 1162 2154 1167 2120 1184 2072 1173 2065 1171 2063 1171 2061 1171 2059 1171 2052 1173 2020 1191 1903 1195 1818 1186 1770 1182 1768 1182 1766 1182 1744 1191 1707 1204 1668 1195 1640 1188 1638 1188 1581 1199 1503 1214 1410 1208 1328 1204 1325 1204 1265 1217 1234 1223 1221 1219 1208 1214 1206 1214 1204 1214 1202 1214 1200 1214 1200 1217 1193 1221 1182 1230 1139 1223 1128 1223 1126 1223 1124 1223 1119 1225 1095 1236 928 1236 859 1236 857 1236 854 1236 846 1240 828 1247 809 1243 787 1236 785 1236"/></Shape>
	    <String CONTENT="jam d D elementitomptris, quo ca descendit in _ YY. sunt ad  Elementa emporis quibus"
                    HPOS="614"
                    VPOS="1154"
                    WIDTH="1822"
                    HEIGHT="171"
                    WC="0.9306836177905401"></String>
          </TextLine>

          
          
          <TextLine ID="eSc_line_cabaf68e"
                    TAGREFS="LT11324"
                    BASELINE="516 1351 926 1336 1171 1316 1903 1292" 
                    HPOS="514"
                    VPOS="1249"
                    WIDTH="1389"
                    HEIGHT="128">
            <Shape><Polygon POINTS="664 1377 666 1377 668 1377 670 1377 670 1375 679 1368 685 1362 716 1366 763 1373 766 1373 963 1366 965 1366 967 1366 967 1364 980 1353 987 1349 1002 1351 1024 1355 1026 1355 1028 1355 1030 1355 1030 1353 1035 1351 1048 1338 1095 1338 1134 1347 1152 1349 1154 1349 1156 1349 1176 1345 1204 1336 1217 1342 1243 1355 1245 1355 1247 1355 1310 1353 1312 1353 1315 1353 1334 1336 1343 1329 1373 1334 1401 1338 1403 1338 1406 1338 1408 1338 1417 1332 1425 1327 1438 1332 1490 1347 1492 1347 1495 1347 1497 1347 1499 1347 1529 1327 1555 1345 1558 1345 1560 1345 1562 1345 1564 1345 1614 1323 1620 1319 1679 1316 1696 1319 1792 1334 1794 1334 1796 1334 1798 1334 1822 1314 1868 1323 1870 1323 1872 1323 1903 1308 1903 1292 1900 1262 1877 1253 1874 1253 1872 1253 1870 1253 1824 1264 1796 1249 1794 1249 1792 1249 1790 1249 1731 1269 1727 1269 1725 1269 1675 1253 1673 1253 1670 1253 1495 1260 1395 1275 1377 1277 1362 1277 1293 1269 1291 1269 1288 1269 1286 1269 1273 1279 1262 1286 1239 1279 1210 1271 1208 1271 1206 1271 1165 1273 1163 1273 1160 1273 1152 1282 1139 1292 1030 1295 1011 1284 1000 1279 998 1279 996 1279 967 1286 911 1299 872 1290 870 1290 868 1290 566 1312 514 1297 516 1351 516 1375"/></Shape>
	    <String CONTENT="Curva descendit tg H) X () ut X dc seu Sd X + a ad dx.:"
                    HPOS="514"
                    VPOS="1249"
                    WIDTH="1389"
                    HEIGHT="128"
                    WC="0.9506083965301514"></String>
          </TextLine>

          
          
          <TextLine ID="eSc_line_78f603eb"
                    TAGREFS="LT11324"
                    BASELINE="518 1418 2382 1345" 
                    HPOS="514"
                    VPOS="1299"
                    WIDTH="1868"
                    HEIGHT="154">
            <Shape><Polygon POINTS="518 1453 792 1447 802 1444 872 1431 1035 1436 1041 1436 1043 1436 1045 1436 1048 1436 1074 1420 1217 1429 1228 1429 1230 1429 1236 1429 1338 1407 1388 1423 1390 1423 1393 1423 1395 1423 1495 1418 1497 1418 1499 1418 1521 1399 1560 1399 1599 1407 1601 1407 1603 1407 1705 1394 1738 1405 1740 1405 1742 1405 1744 1405 1790 1392 1807 1403 1809 1403 1811 1403 1814 1403 1816 1403 1818 1403 1837 1388 1961 1392 1963 1392 1966 1392 2000 1381 2044 1394 2046 1394 2048 1394 2165 1375 2380 1384 2382 1345 2378 1310 2161 1299 2159 1299 2156 1299 2102 1319 2054 1303 2052 1303 2050 1303 1892 1327 1883 1327 1879 1327 1779 1314 1777 1314 1653 1336 1649 1336 1620 1323 1618 1323 1616 1323 1614 1323 1588 1334 1503 1325 1501 1325 1499 1325 1449 1342 1445 1347 1373 1347 1369 1347 1343 1332 1341 1332 1338 1332 1336 1332 1286 1349 1282 1351 1278 1349 1245 1336 1243 1336 1241 1336 1173 1338 1069 1358 1054 1362 757 1371 750 1371 716 1358 713 1358 711 1358 640 1373 575 1362 572 1362 570 1362 514 1377 518 1418"/></Shape>
	    <String CONTENT="d:  Lx Las ix:: √ax + tgv. dx. seu  dD: (dX + du:: sa: 2X.. sit ja"
                    HPOS="514"
                    VPOS="1299"
                    WIDTH="1868"
                    HEIGHT="154"
                    WC="0.9235710795178558"></String>
          </TextLine>

          
          
          <TextLine ID="eSc_line_e6b2d7c4"
                    TAGREFS="LT11324"
                    BASELINE="468 1551 2384 1499" 
                    HPOS="466"
                    VPOS="1455"
                    WIDTH="1918"
                    HEIGHT="141">
            <Shape><Polygon POINTS="468 1577 531 1596 533 1596 535 1596 538 1596 540 1596 566 1575 579 1585 581 1585 583 1585 585 1585 588 1585 624 1575 631 1572 642 1575 692 1581 694 1581 943 1566 1043 1562 1074 1564 1182 1575 1184 1575 1186 1575 1219 1562 1221 1559 1226 1559 1260 1577 1262 1577 1265 1577 1664 1566 1666 1566 1696 1555 1742 1564 1744 1564 1746 1564 1798 1548 1827 1540 1866 1546 1898 1551 1900 1551 1933 1544 1957 1540 1970 1544 2005 1555 2007 1555 2009 1555 2011 1555 2048 1542 2074 1533 2111 1540 2135 1544 2137 1544 2139 1544 2150 1540 2170 1531 2200 1538 2219 1542 2222 1542 2245 1538 2274 1531 2282 1538 2291 1544 2293 1544 2295 1544 2298 1544 2384 1533 2384 1499 2380 1455 2159 1455 2156 1455 2154 1455 2141 1462 2124 1473 2057 1473 2020 1466 1989 1460 1987 1460 1851 1464 1848 1464 1833 1470 1816 1479 1783 1473 1744 1466 1742 1466 1694 1477 1666 1481 1564 1479 1475 1479 1473 1479 1449 1483 1419 1490 1364 1486 1265 1479 1262 1479 1206 1492 1180 1499 1022 1501 961 1499 787 1492 785 1492 648 1509 622 1512 614 1509 566 1499 564 1499 562 1499 559 1499 557 1499 540 1512 535 1516 466 1516 468 1551"/></Shape>
	    <String CONTENT=" fet Ax  As eX C-dX =g dy set dys = dxsO-, Ebe seu dy - dx s exa-bb. b"
                    HPOS="466"
                    VPOS="1455"
                    WIDTH="1918"
                    HEIGHT="141"
                    WC="0.8892172536679677"></String>
          </TextLine>

          
          
          <TextLine ID="eSc_line_3753e5d8"
                    TAGREFS="LT11324"
                    BASELINE="1751 1633 2102 1644" 
                    HPOS="1749"
                    VPOS="1598"
                    WIDTH="353"
                    HEIGHT="76">
            <Shape><Polygon POINTS="1749 1666 2098 1674 2102 1644 2102 1611 1751 1598 1751 1633"/></Shape>
	    <String CONTENT="3n  tam"
                    HPOS="1749"
                    VPOS="1598"
                    WIDTH="353"
                    HEIGHT="76"
                    WC="0.8248875311442784"></String>
          </TextLine>

          
          
          <TextLine ID="eSc_line_2caf89db"
                    TAGREFS="LT11324"
                    BASELINE="466 1744 698 1731 1375 1724 2441 1683" 
                    HPOS="464"
                    VPOS="1642"
                    WIDTH="1977"
                    HEIGHT="141">
            <Shape><Polygon POINTS="466 1744 466 1770 529 1783 531 1783 533 1783 585 1768 607 1761 627 1765 659 1772 661 1772 664 1772 666 1772 677 1763 685 1759 713 1763 755 1768 757 1768 792 1759 818 1755 841 1759 900 1768 902 1768 989 1752 1024 1748 1050 1752 1108 1761 1111 1761 1113 1761 1147 1748 1150 1748 1152 1748 1213 1761 1215 1761 1369 1757 1492 1737 1508 1735 1519 1735 1575 1746 1577 1746 1638 1733 1653 1729 1666 1731 1705 1742 1707 1742 1709 1742 1770 1729 1788 1724 1796 1726 1833 1742 1835 1742 1837 1742 1933 1726 1994 1737 1996 1737 2117 1716 2137 1713 2141 1716 2163 1731 2165 1731 2167 1731 2170 1731 2274 1729 2439 1705 2441 1683 2434 1650 2324 1659 2313 1653 2295 1642 2293 1642 2291 1642 2289 1642 2287 1642 2285 1642 2267 1655 2256 1661 2226 1655 2193 1650 2191 1650 2130 1659 2068 1668 2044 1661 2005 1650 2002 1650 1946 1650 1944 1650 1942 1650 1939 1650 1920 1666 1916 1668 1896 1666 1792 1655 1790 1655 1529 1663 1527 1663 1525 1663 1505 1679 1495 1685 1286 1685 1189 1685 1186 1685 1184 1685 1173 1687 1150 1696 1139 1689 1124 1679 1121 1679 1119 1679 1117 1679 1115 1679 1087 1692 1082 1692 1071 1692 996 1683 993 1683 991 1683 989 1683 972 1694 963 1700 930 1696 861 1685 859 1685 857 1685 820 1698 809 1703 789 1700 718 1689 716 1689 713 1689 670 1703 607 1692 605 1692 475 1709 464 1724"/></Shape>
	    <String CONTENT="eportet autem_ X seu eA X non esse iginorem quam e, seu quama bb: 2a alioqui freoes."
                    HPOS="464"
                    VPOS="1642"
                    WIDTH="1977"
                    HEIGHT="141"
                    WC="0.9625960772945767"></String>
          </TextLine>

          
          
          <TextLine ID="eSc_line_fbc18229"
                    TAGREFS="LT11324"
                    BASELINE="449 1798 781 1778 1017 1783 2393 1744" 
                    HPOS="447"
                    VPOS="1703"
                    WIDTH="1946"
                    HEIGHT="123">
            <Shape><Polygon POINTS="449 1826 826 1804 900 1813 959 1820 961 1820 1045 1809 1058 1807 1067 1807 1124 1815 1126 1815 1128 1815 1169 1804 1204 1794 1247 1794 1260 1800 1271 1809 1273 1809 1275 1809 1278 1809 1280 1809 1282 1809 1293 1798 1297 1796 1306 1798 1330 1807 1332 1807 1334 1807 1393 1796 1395 1796 1412 1807 1414 1807 1417 1807 1419 1807 1655 1800 1657 1800 1660 1800 1675 1789 1879 1794 1881 1794 1974 1774 1992 1772 2007 1774 2107 1787 2109 1787 2196 1765 2204 1765 2215 1765 2345 1778 2347 1778 2350 1778 2393 1759 2393 1744 2387 1703 2178 1718 2081 1711 2031 1707 2028 1707 2026 1707 2015 1713 1994 1722 1953 1713 1933 1711 1931 1711 1903 1716 1840 1726 1794 1718 1772 1716 1770 1716 1768 1716 1755 1720 1720 1731 1677 1722 1651 1718 1649 1718 1538 1726 1345 1742 1210 1735 1134 1733 1132 1733 1130 1733 1128 1733 1121 1737 1108 1746 1041 1742 996 1737 993 1737 959 1744 896 1755 850 1746 824 1742 822 1742 755 1748 683 1757 640 1752 596 1748 594 1748 564 1755 516 1765 447 1759 449 1798"/></Shape>
	    <String CONTENT="iquantitas minor niculo seulh FK qarbeas impossitulis. p sumta ergo AE = e, patet"
                    HPOS="447"
                    VPOS="1703"
                    WIDTH="1946"
                    HEIGHT="123"
                    WC="0.9338337400077302"></String>
          </TextLine>

          
          
          <TextLine ID="eSc_line_b3308cde"
                    TAGREFS="LT11324"
                    BASELINE="483 1848 633 1837 1636 1824 2395 1796" 
                    HPOS="481"
                    VPOS="1757"
                    WIDTH="1914"
                    HEIGHT="123">
            <Shape><Polygon POINTS="488 1874 499 1863 579 1863 657 1870 724 1876 726 1876 729 1876 731 1876 742 1867 752 1861 766 1867 789 1878 792 1878 794 1880 868 1880 868 1878 948 1863 967 1859 980 1861 1026 1874 1028 1874 1030 1874 1117 1863 1154 1872 1156 1872 1158 1872 1160 1872 1197 1857 1245 1870 1247 1870 1249 1870 1252 1870 1254 1870 1271 1854 1317 1863 1319 1863 1321 1863 1351 1850 1367 1846 1410 1850 1540 1863 1542 1863 1712 1859 1714 1859 1764 1841 1809 1857 1811 1857 1814 1857 1816 1857 1818 1857 1837 1844 1913 1850 1916 1850 1918 1850 1948 1835 1955 1831 2024 1831 2041 1833 2117 1844 2120 1844 2122 1844 2165 1828 2167 1828 2170 1828 2213 1848 2215 1848 2217 1848 2219 1848 2276 1826 2278 1826 2280 1826 2343 1837 2345 1837 2347 1837 2395 1822 2395 1796 2389 1757 2304 1774 2235 1761 2222 1759 2219 1759 2022 1763 1985 1768 1900 1783 1866 1772 1857 1770 1855 1770 1853 1770 1851 1770 1844 1774 1822 1785 1781 1774 1764 1772 1762 1772 1759 1772 1749 1776 1720 1789 1425 1794 1412 1787 1399 1781 1397 1781 1395 1781 1319 1789 1252 1798 1226 1794 1178 1783 1176 1783 1173 1783 1143 1796 1130 1800 1106 1796 1063 1789 1061 1789 1058 1789 1056 1789 1045 1798 1039 1802 1004 1800 928 1794 926 1794 924 1794 922 1794 907 1802 904 1804 902 1802 870 1789 868 1789 865 1789 683 1811 668 1811 664 1811 622 1796 620 1796 618 1796 616 1796 575 1813 572 1815 481 1815 483 1848"/></Shape>
	    <String CONTENT="cirpus ut linta illa ideecensus isodhgoni quaesitaEY obtineatur corpus quidem er A"
                    HPOS="481"
                    VPOS="1757"
                    WIDTH="1914"
                    HEIGHT="123"
                    WC="0.9696702651861238"></String>
          </TextLine>

          
          
          <TextLine ID="eSc_line_892efb03"
                    TAGREFS="LT11324"
                    BASELINE="477 1902 1293 1874 2439 1854" 
                    HPOS="475"
                    VPOS="1809"
                    WIDTH="1964"
                    HEIGHT="123">
            <Shape><Polygon POINTS="477 1930 566 1932 568 1932 570 1932 577 1930 607 1915 794 1924 835 1926 837 1926 839 1926 841 1926 844 1924 868 1909 980 1922 998 1922 1000 1922 1002 1922 1006 1919 1050 1904 1184 1917 1204 1917 1206 1917 1208 1917 1210 1917 1210 1915 1236 1900 1343 1913 1349 1913 1351 1913 1354 1913 1382 1898 1573 1902 1575 1902 1577 1902 1614 1891 1749 1891 1775 1904 1777 1904 1779 1904 1781 1904 1783 1904 1785 1904 1822 1889 1844 1902 1846 1902 1848 1902 1851 1902 1857 1902 1992 1887 2074 1898 2081 1898 2083 1898 2091 1898 2224 1878 2278 1891 2280 1891 2282 1891 2439 1889 2439 1854 2434 1820 2371 1809 2369 1809 2367 1809 2345 1820 2341 1822 2332 1822 2274 1811 2271 1811 2269 1811 2267 1811 2252 1822 2248 1824 2232 1822 2163 1815 2161 1815 1972 1828 1892 1833 1881 1831 1864 1824 1861 1824 1859 1824 1742 1833 1675 1837 1662 1835 1636 1826 1634 1826 1631 1826 1629 1826 1627 1826 1614 1835 1605 1839 1577 1835 1525 1828 1523 1828 1521 1828 1519 1828 1508 1837 1503 1839 1488 1837 1436 1831 1434 1831 1432 1831 1430 1831 1417 1839 1406 1844 1306 1841 1152 1837 1150 1837 1147 1837 1124 1846 1104 1850 1080 1846 1043 1839 1041 1839 1039 1839 1024 1846 1013 1852 996 1848 974 1841 972 1841 969 1841 967 1841 946 1848 926 1854 878 1850 837 1846 835 1846 833 1846 831 1846 824 1850 813 1859 475 1859 477 1902"/></Shape>
	    <String CONTENT="descendere libere usque ad E., (nam tempus motus. ab  incipere supponitur) sed in E deflect"
                    HPOS="475"
                    VPOS="1809"
                    WIDTH="1964"
                    HEIGHT="123"
                    WC="0.9585022710181854"></String>
          </TextLine>

          
          
          <TextLine ID="eSc_line_b5f6771d"
                    TAGREFS="LT11324"
                    BASELINE="1421 1930 2415 1917" 
                    HPOS="1419"
                    VPOS="1870"
                    WIDTH="996"
                    HEIGHT="95">
            <Shape><Polygon POINTS="1423 1965 1473 1952 1525 1963 1538 1965 1540 1965 1542 1965 1549 1963 1590 1945 1616 1956 1618 1956 1620 1956 1709 1943 1764 1956 1790 1963 1792 1963 1794 1965 1907 1965 1907 1963 1909 1963 1911 1963 1924 1952 1942 1939 2059 1939 2070 1948 2074 1952 2074 1954 2076 1954 2078 1954 2139 1956 2141 1956 2217 1948 2232 1959 2235 1959 2237 1959 2239 1959 2341 1956 2343 1956 2345 1956 2365 1943 2382 1956 2384 1956 2387 1956 2389 1956 2391 1956 2393 1956 2415 1941 2415 1917 2413 1887 2365 1870 2363 1870 2360 1870 2358 1870 2356 1870 2356 1872 2339 1885 2191 1872 2189 1872 2187 1872 2150 1887 2148 1887 2128 1872 2126 1872 2124 1872 2122 1872 2120 1872 2085 1887 2076 1889 2063 1887 2031 1878 2028 1878 2026 1878 1959 1887 1911 1891 1864 1887 1809 1880 1807 1880 1805 1880 1794 1887 1785 1891 1779 1887 1766 1876 1764 1876 1762 1876 1759 1876 1757 1876 1716 1887 1703 1889 1692 1887 1668 1878 1666 1878 1664 1878 1662 1878 1644 1887 1627 1893 1618 1887 1610 1878 1607 1878 1605 1878 1603 1878 1568 1887 1545 1891 1529 1887 1514 1880 1512 1880 1510 1880 1419 1885 1421 1930"/></Shape>
	    <String CONTENT="linea autem EY estambolaies quadra"
                    HPOS="1419"
                    VPOS="1870"
                    WIDTH="996"
                    HEIGHT="95"
                    WC="0.9338669373708612"></String>
          </TextLine>

          
          
          <TextLine ID="eSc_line_bdf2c1e8"
                    TAGREFS="LT11324"
                    BASELINE="477 1945 1362 1926" 
                    HPOS="475"
                    VPOS="1896"
                    WIDTH="887"
                    HEIGHT="86">
            <Shape><Polygon POINTS="477 1967 570 1982 572 1982 655 1980 657 1980 703 1963 713 1959 722 1963 746 1974 748 1974 750 1974 752 1974 779 1965 831 1976 833 1976 835 1976 837 1976 857 1961 937 1959 950 1969 950 1972 952 1972 954 1972 956 1972 959 1972 1017 1954 1022 1954 1024 1954 1039 1965 1041 1965 1043 1965 1045 1965 1048 1965 1050 1965 1050 1963 1061 1954 1065 1954 1147 1961 1150 1961 1152 1961 1189 1950 1202 1948 1210 1950 1241 1963 1243 1963 1245 1963 1362 1945 1362 1926 1356 1896 475 1913 477 1945"/></Shape>
	    <String CONTENT="versus Y atque ita lineam quaesitam ingredi"
                    HPOS="475"
                    VPOS="1896"
                    WIDTH="887"
                    HEIGHT="86"
                    WC="0.996245987193529"></String>
          </TextLine>

          
          
          <TextLine ID="eSc_line_177289f0"
                    TAGREFS="LT11324"
                    BASELINE="1937 2060 2311 2052" 
                    HPOS="1935"
                    VPOS="2011"
                    WIDTH="376"
                    HEIGHT="76">
            <Shape><Polygon POINTS="1937 2087 2308 2071 2311 2052 2306 2024 2250 2011 2248 2011 2245 2011 2243 2011 2228 2024 2174 2013 2172 2013 2063 2028 2031 2015 2028 2015 2026 2015 2024 2015 2022 2015 2005 2030 1979 2017 1976 2017 1974 2017 1972 2017 1935 2030 1937 2060"/></Shape>
	    <String CONTENT="lapstugeni"
                    HPOS="1935"
                    VPOS="2011"
                    WIDTH="376"
                    HEIGHT="76"
                    WC="0.9429471850395202"></String>
          </TextLine>

          
          
          <TextLine ID="eSc_line_b3dcce71"
                    TAGREFS="LT11324"
                    BASELINE="473 2093 772 2069 1909 2047" 
                    HPOS="470"
                    VPOS="1991"
                    WIDTH="1439"
                    HEIGHT="126">
            <Shape><Polygon POINTS="473 2117 611 2097 703 2113 707 2113 709 2113 711 2113 713 2113 757 2093 796 2093 813 2106 813 2108 815 2108 818 2108 820 2110 943 2110 943 2108 1006 2104 1226 2082 1262 2095 1271 2097 1273 2097 1275 2100 1382 2100 1382 2097 1440 2089 1532 2076 1553 2087 1568 2093 1571 2093 1573 2093 1631 2082 1699 2069 1805 2069 1829 2078 1855 2087 1857 2087 1859 2087 1861 2087 1909 2073 1909 2047 1905 1995 1666 1991 1664 1991 1605 2002 1575 2008 1558 2004 1514 1991 1512 1991 1510 1991 1508 1991 1477 2006 1466 2011 1445 2006 1388 1995 1386 1995 1219 1998 1173 2000 1171 2000 1169 2000 1152 2015 1147 2017 1119 2015 1022 2008 1019 2008 1017 2008 1015 2008 998 2019 993 2021 976 2019 889 2006 887 2006 885 2006 883 2006 857 2024 854 2024 850 2024 802 2013 800 2013 798 2013 757 2026 746 2028 722 2026 572 2013 570 2013 568 2013 566 2013 538 2032 533 2034 470 2034 473 2093"/></Shape>
	    <String CONTENT="e E est hajus _ctaoloeidis tyo rectus hinc arbitid"
                    HPOS="470"
                    VPOS="1991"
                    WIDTH="1439"
                    HEIGHT="126"
                    WC="0.8754028525948524"></String>
          </TextLine>

          
          
          <TextLine ID="eSc_line_c43fb79a"
                    TAGREFS="LT11324"
                    BASELINE="520 2160 811 2134 1256 2113 2441 2097" 
                    HPOS="518"
                    VPOS="2052"
                    WIDTH="1923"
                    HEIGHT="123">
            <Shape><Polygon POINTS="2232 2054 2193 2069 2176 2073 2150 2069 2087 2058 2085 2058 1961 2073 1957 2073 1955 2073 1905 2063 1903 2063 1824 2078 1818 2078 1814 2078 1770 2065 1768 2065 1766 2065 1701 2076 1629 2067 1627 2067 1625 2067 1588 2080 1562 2067 1560 2067 1558 2067 1384 2080 1143 2076 1141 2076 1039 2091 1004 2080 1002 2080 1000 2080 998 2080 935 2100 930 2102 518 2108 520 2160 520 2175 828 2169 831 2169 833 2169 857 2154 965 2165 967 2165 969 2165 972 2165 1069 2143 1132 2160 1139 2162 1141 2162 1143 2162 1145 2162 1147 2162 1150 2160 1189 2136 1265 2158 1267 2158 1269 2158 1271 2158 1273 2158 1275 2158 1302 2143 1338 2156 1345 2158 1347 2158 1349 2158 1351 2158 1362 2156 1456 2128 1631 2128 1679 2143 1681 2143 1683 2143 1798 2130 1820 2139 1842 2139 1864 2136 1877 2136 1905 2130 1937 2139 1939 2139 1942 2139 1944 2139 1946 2139 1976 2119 2044 2139 2052 2141 2054 2141 2057 2141 2059 2141 2061 2141 2063 2139 2091 2121 2141 2132 2143 2132 2146 2132 2172 2121 2222 2132 2224 2132 2226 2132 2228 2132 2245 2119 2302 2130 2304 2130 2306 2130 2347 2117 2439 2128 2441 2097 2439 2063 2410 2052 2408 2052 2406 2052 2404 2052 2365 2065 2345 2069 2315 2065 2237 2054 2235 2054"/></Shape>
	    <String CONTENT="D 2 ax.b Est autem tempus quo coeni ab A usque ad Y et sempus quo ruve"
                    HPOS="518"
                    VPOS="2052"
                    WIDTH="1923"
                    HEIGHT="123"
                    WC="0.8944616539137704"></String>
          </TextLine>

          
          
          <TextLine ID="eSc_line_49ed8723"
                    TAGREFS="LT11324"
                    BASELINE="453 2221 1000 2180 1905 2139" 
                    HPOS="451"
                    VPOS="2108"
                    WIDTH="1454"
                    HEIGHT="152">
            <Shape><Polygon POINTS="455 2260 503 2243 568 2251 570 2251 572 2251 575 2251 603 2234 618 2243 620 2243 622 2243 624 2243 698 2223 889 2225 891 2225 894 2225 896 2225 896 2223 898 2223 907 2212 967 2219 969 2219 972 2219 996 2208 1017 2221 1019 2223 1022 2223 1024 2223 1026 2223 1028 2223 1041 2219 1100 2201 1128 2215 1137 2217 1139 2217 1141 2217 1143 2217 1154 2212 1186 2197 1223 2206 1260 2217 1262 2217 1265 2217 1423 2208 1425 2208 1427 2208 1447 2191 1456 2184 1464 2191 1490 2204 1492 2204 1495 2204 1497 2204 1534 2184 1536 2184 1538 2184 1584 2199 1586 2199 1588 2199 1590 2199 1592 2199 1623 2180 1631 2173 1649 2178 1707 2191 1709 2191 1831 2186 1833 2186 1835 2186 1859 2165 1905 2158 1905 2139 1898 2108 1464 2113 1349 2119 1347 2119 1345 2119 1315 2136 1154 2136 1152 2136 1150 2136 1147 2136 1134 2147 1019 2136 1017 2136 1015 2136 961 2156 883 2145 881 2145 878 2145 811 2162 796 2149 794 2149 792 2149 789 2149 787 2149 785 2149 757 2167 716 2154 713 2154 711 2154 709 2154 653 2173 538 2169 535 2169 451 2184 453 2221"/></Shape>
	    <String CONTENT="in aer aere libero perveniret ab A usque ad d est t, seu Vrax"
                    HPOS="451"
                    VPOS="2108"
                    WIDTH="1454"
                    HEIGHT="152"
                    WC="0.9091758742684224"></String>
          </TextLine>

          
          
          <TextLine ID="eSc_line_be8285ad"
                    TAGREFS="LT11324"
                    BASELINE="470 2347 1818 2280 2445 2262" 
                    HPOS="466"
                    VPOS="2210"
                    WIDTH="1979"
                    HEIGHT="165">
            <Shape><Polygon POINTS="470 2375 683 2356 726 2366 750 2373 752 2373 755 2373 802 2364 896 2345 956 2358 974 2360 976 2360 1002 2356 1089 2336 1215 2336 1241 2345 1254 2349 1256 2349 1258 2349 1321 2347 1323 2347 1325 2347 1334 2340 1351 2329 1479 2334 1553 2336 1555 2336 1558 2336 1573 2329 1616 2310 1696 2308 1801 2321 1818 2321 1820 2321 1822 2321 1824 2321 1827 2319 1853 2303 1890 2316 1900 2319 1903 2319 1905 2319 2445 2290 2445 2262 2441 2221 2367 2210 2365 2210 2291 2223 2267 2212 2265 2212 2263 2212 2163 2232 2096 2221 2094 2221 2091 2221 2024 2241 2022 2241 2020 2241 1924 2230 1922 2230 1920 2230 1861 2247 1790 2234 1788 2234 1653 2251 1521 2247 1519 2247 1516 2247 1514 2247 1495 2260 1440 2251 1438 2251 1436 2251 1395 2269 1395 2271 1317 2273 1308 2273 1195 2262 1193 2262 1191 2262 1189 2262 1160 2280 1158 2282 891 2293 887 2293 848 2280 846 2280 844 2280 629 2288 627 2288 624 2288 607 2299 570 2290 568 2290 566 2290 564 2290 562 2290 538 2308 535 2310 466 2310 470 2347"/></Shape>
	    <String CONTENT="ab A ad Y est ad cmpus quo pervenitur ab A ad X in sub duplisata ratione ipsius A3"
                    HPOS="466"
                    VPOS="2210"
                    WIDTH="1979"
                    HEIGHT="165"
                    WC="0.976730647610455"></String>
          </TextLine>

          
          
          <TextLine ID="eSc_line_65e75e0e"
                    TAGREFS="LT11324"
                    BASELINE="483 2395 980 2384 1939 2340 2219 2349 2423 2336" 
                    HPOS="481"
                    VPOS="2293"
                    WIDTH="1942"
                    HEIGHT="132">
            <Shape><Polygon POINTS="483 2425 718 2412 748 2421 766 2425 768 2425 770 2425 948 2423 950 2423 985 2414 1043 2397 1100 2410 1132 2416 1134 2416 1137 2416 1139 2416 1152 2408 1173 2395 1284 2388 1302 2399 1304 2399 1306 2399 1308 2399 1310 2399 1336 2386 1397 2386 1417 2399 1421 2403 1423 2403 1425 2403 1427 2403 1449 2399 1488 2390 1521 2397 1545 2401 1547 2401 1549 2401 1562 2395 1607 2373 1725 2371 1777 2388 1779 2388 1781 2388 1783 2388 1818 2371 1968 2366 1998 2382 2002 2384 2005 2384 2007 2384 2009 2384 2011 2384 2013 2382 2052 2358 2096 2358 2137 2358 2174 2377 2176 2377 2178 2377 2180 2377 2423 2369 2423 2336 2419 2295 1963 2293 1961 2293 1822 2314 1722 2299 1720 2299 1453 2327 1401 2319 1399 2319 1397 2319 1364 2332 1338 2321 1336 2321 1334 2321 1069 2343 896 2329 894 2329 761 2353 705 2338 703 2338 700 2338 698 2338 640 2358 516 2349 514 2349 512 2349 481 2362 483 2395"/></Shape>
	    <String CONTENT="ad quademplum ipsius AE ac proinde verum est quod aut Isatemus si siil A2 seu x"
                    HPOS="481"
                    VPOS="2293"
                    WIDTH="1942"
                    HEIGHT="132"
                    WC="0.9627946618991562"></String>
          </TextLine>

          
          
          <TextLine ID="eSc_line_949f8a33"
                    TAGREFS="LT11324"
                    BASELINE="1987 2462 2287 2451" 
                    HPOS="1985"
                    VPOS="2408"
                    WIDTH="302"
                    HEIGHT="91">
            <Shape><Polygon POINTS="1987 2497 2044 2499 2052 2499 2074 2499 2085 2499 2089 2497 2111 2484 2154 2484 2170 2494 2183 2494 2204 2494 2226 2494 2230 2494 2256 2492 2269 2492 2287 2492 2287 2451 2280 2408 2163 2425 2122 2412 2115 2410 2113 2410 2111 2410 2109 2410 2107 2410 2107 2412 2104 2412 2091 2427 1985 2416 1987 2462"/></Shape>
	    <String CONTENT="expressimus per "
                    HPOS="1985"
                    VPOS="2408"
                    WIDTH="302"
                    HEIGHT="91"
                    WC="0.9521769434213638"></String>
          </TextLine>

          
          
          <TextLine ID="eSc_line_26c1ebca"
                    TAGREFS="LT11324"
                    BASELINE="1479 2481 1660 2466" 
                    HPOS="1475"
                    VPOS="2431"
                    WIDTH="185"
                    HEIGHT="83">
            <Shape><Polygon POINTS="1482 2514 1660 2490 1660 2466 1653 2431 1475 2447 1479 2481"/></Shape>
	    <String CONTENT="3) dicem"
                    HPOS="1475"
                    VPOS="2431"
                    WIDTH="185"
                    HEIGHT="83"
                    WC="0.966177724301815"></String>
          </TextLine>

          
          
          <TextLine ID="eSc_line_1d5faa3e"
                    TAGREFS="LT11324"
                    BASELINE="520 2520 1462 2484" 
                    HPOS="516"
                    VPOS="2442"
                    WIDTH="946"
                    HEIGHT="111">
            <Shape><Polygon POINTS="520 2551 614 2553 616 2553 618 2553 620 2553 620 2551 624 2549 635 2536 659 2544 661 2544 664 2544 666 2544 687 2533 757 2544 768 2544 770 2544 772 2544 774 2544 774 2542 798 2529 868 2540 874 2540 876 2540 878 2540 881 2540 911 2525 939 2538 946 2540 948 2540 950 2540 1017 2538 1019 2538 1022 2538 1026 2536 1050 2520 1113 2531 1128 2533 1130 2533 1150 2531 1243 2512 1382 2523 1395 2523 1397 2523 1399 2523 1401 2523 1434 2505 1456 2520 1462 2484 1456 2453 1328 2457 1325 2457 1299 2442 1297 2442 1295 2442 1293 2442 1232 2457 1197 2447 1195 2447 1193 2447 1191 2447 1189 2447 1169 2464 1167 2464 1130 2451 1128 2451 1126 2451 1124 2451 1095 2464 1080 2451 1078 2451 1076 2451 1074 2451 1013 2453 1011 2453 952 2473 948 2473 943 2473 898 2464 896 2464 826 2477 822 2477 818 2477 752 2464 750 2464 748 2464 720 2477 692 2466 690 2466 687 2466 685 2466 683 2466 659 2484 657 2484 651 2484 572 2477 570 2477 516 2488 520 2520"/></Shape>
	    <String CONTENT="nam si _ x =c debet esse D-1+"
                    HPOS="516"
                    VPOS="2442"
                    WIDTH="946"
                    HEIGHT="111"
                    WC="0.9715283081449312"></String>
          </TextLine>

          
          
          <TextLine ID="eSc_line_b7ea9259"
                    TAGREFS="LT11324"
                    BASELINE="503 2577 1959 2505 2406 2492" 
                    HPOS="501"
                    VPOS="2444"
                    WIDTH="1905"
                    HEIGHT="161">
            <Shape><Polygon POINTS="2146 2457 2096 2470 1937 2466 1918 2466 1916 2466 1900 2468 1779 2486 1740 2475 1738 2475 1736 2475 1733 2475 1705 2477 1503 2501 1364 2505 1336 2494 1334 2494 1332 2494 1330 2494 1328 2494 1325 2494 1312 2507 1282 2499 1280 2499 1278 2499 1182 2514 1071 2507 1054 2507 1052 2507 1039 2510 954 2525 779 2523 776 2523 774 2523 770 2523 533 2544 501 2536 503 2577 503 2605 685 2590 744 2596 798 2601 800 2601 1006 2592 1065 2579 1093 2572 1121 2575 1189 2583 1191 2583 1193 2583 1195 2583 1210 2570 1217 2566 1260 2568 1343 2572 1345 2572 1347 2572 1364 2562 1375 2557 1412 2559 1508 2568 1510 2568 1605 2551 1627 2546 1642 2549 1686 2553 1688 2553 1740 2542 1755 2540 1764 2542 1798 2551 1801 2551 1803 2551 1864 2536 1879 2533 1890 2536 1950 2546 1953 2546 1955 2546 1957 2546 1979 2529 1981 2529 2000 2544 2002 2544 2005 2544 2007 2544 2085 2527 2107 2538 2109 2538 2111 2538 2317 2518 2371 2527 2373 2527 2376 2527 2378 2527 2406 2510 2406 2492 2402 2444 2278 2462 2167 2455 2148 2457"/></Shape>
	    <String CONTENT="perro tempus  totum quo grave atfertur in linea EY e non vero"
                    HPOS="501"
                    VPOS="2444"
                    WIDTH="1905"
                    HEIGHT="161"
                    WC="0.9713198601222429"></String>
          </TextLine>

          
          
          <TextLine ID="eSc_line_07e7b204"
                    TAGREFS="LT11324"
                    BASELINE="455 2638 1861 2566 2376 2551" 
                    HPOS="451"
                    VPOS="2501"
                    WIDTH="1925"
                    HEIGHT="173">
            <Shape><Polygon POINTS="455 2674 546 2661 618 2666 620 2666 622 2666 624 2666 655 2646 696 2655 698 2655 700 2655 752 2642 835 2657 844 2657 846 2657 848 2657 850 2657 850 2655 876 2638 941 2644 943 2644 946 2644 948 2644 961 2633 1035 2638 1037 2638 1130 2620 1393 2612 1414 2625 1417 2625 1419 2625 1421 2625 1423 2625 1427 2625 1482 2607 1512 2618 1516 2620 1519 2620 1521 2620 1523 2620 1525 2620 1527 2618 1545 2605 1590 2614 1618 2620 1620 2620 1898 2598 2024 2588 2046 2590 2107 2596 2109 2596 2111 2596 2113 2596 2128 2585 2135 2579 2156 2583 2180 2588 2183 2588 2185 2588 2187 2588 2196 2581 2211 2570 2278 2577 2337 2581 2339 2581 2341 2581 2376 2570 2376 2551 2371 2510 2330 2501 2328 2501 2326 2501 2278 2516 2271 2518 2007 2529 1979 2527 1874 2520 1872 2520 1870 2520 1814 2533 1620 2533 1618 2533 1616 2533 1577 2544 1555 2551 1512 2549 1464 2544 1462 2544 1425 2551 1395 2557 1382 2553 1360 2546 1358 2546 1356 2546 1354 2546 1317 2555 1286 2564 1249 2559 1206 2553 1204 2553 1202 2553 1200 2553 1191 2562 1180 2568 1150 2564 1113 2557 1111 2557 1045 2568 974 2581 798 2588 783 2579 776 2575 774 2575 772 2575 770 2575 581 2585 579 2585 577 2585 575 2588 564 2598 551 2590 546 2585 544 2585 542 2585 540 2585 451 2592 455 2638"/></Shape>
	    <String CONTENT="totum tempus quo pervenit ab A usque ad Y. quia in parte qua descenderet ab A usque ad E"
                    HPOS="451"
                    VPOS="2501"
                    WIDTH="1925"
                    HEIGHT="173"
                    WC="0.9832914342934435"></String>
          </TextLine>

          
          
          <TextLine ID="eSc_line_3fa6b435"
                    TAGREFS="LT11324"
                    BASELINE="468 2687 2430 2603" 
                    HPOS="466"
                    VPOS="2559"
                    WIDTH="1964"
                    HEIGHT="165">
            <Shape><Polygon POINTS="468 2713 529 2724 531 2724 533 2724 564 2709 572 2705 731 2700 735 2703 766 2718 768 2718 770 2718 772 2718 815 2698 824 2696 878 2696 881 2696 915 2713 917 2713 920 2713 1024 2696 1041 2707 1043 2707 1045 2707 1048 2707 1050 2707 1052 2707 1078 2690 1130 2698 1132 2698 1134 2698 1178 2683 1186 2681 1195 2683 1247 2694 1249 2694 1356 2674 1377 2672 1401 2672 1519 2681 1521 2681 1588 2670 1620 2683 1623 2683 1625 2683 1627 2683 1677 2661 1679 2661 1775 2677 1777 2677 1855 2664 2113 2664 2113 2661 2115 2661 2146 2646 2226 2657 2228 2657 2230 2657 2324 2633 2330 2631 2334 2631 2360 2642 2363 2642 2365 2642 2430 2627 2430 2603 2428 2568 2313 2559 2311 2559 2308 2559 2306 2559 2282 2575 2130 2583 2115 2581 2059 2570 2057 2570 2054 2570 2052 2570 2028 2585 2024 2588 2018 2585 1981 2572 1979 2572 1976 2572 1974 2572 1924 2590 1916 2592 1903 2590 1829 2581 1827 2581 1824 2581 1783 2596 1777 2598 1770 2596 1733 2583 1731 2583 1729 2583 1640 2603 1625 2605 1605 2605 1477 2594 1475 2594 1295 2618 1275 2620 1273 2620 1252 2605 1249 2605 1247 2605 1245 2605 909 2631 878 2620 876 2620 874 2620 872 2620 820 2640 818 2640 813 2640 672 2629 670 2629 668 2629 666 2629 637 2648 466 2655 468 2687"/></Shape>
	    <String CONTENT="locum non haberce, at esset d D = ad X: b.. Est ergo O-a.E X seu C = atr: b Y"
                    HPOS="466"
                    VPOS="2559"
                    WIDTH="1964"
                    HEIGHT="165"
                    WC="0.9196019846123534"></String>
          </TextLine>

          
          
          <TextLine ID="eSc_line_b8f2849f"
                    TAGREFS="LT11324"
                    BASELINE="1275 2705 1488 2690 2447 2670" 
                    HPOS="1273"
                    VPOS="2629"
                    WIDTH="1174"
                    HEIGHT="95">
            <Shape><Polygon POINTS="1275 2718 1558 2724 1560 2724 1651 2709 1664 2707 1675 2709 1738 2720 1740 2720 1742 2720 1781 2705 1785 2705 1788 2705 1824 2718 1827 2718 1829 2718 1831 2718 1833 2718 1851 2703 1853 2703 1857 2703 1922 2716 1924 2716 1926 2716 1968 2700 1970 2700 1972 2700 2031 2713 2033 2713 2113 2700 2226 2709 2228 2709 2230 2709 2232 2709 2232 2707 2245 2694 2274 2705 2276 2705 2278 2705 2280 2705 2326 2692 2417 2705 2419 2705 2421 2705 2423 2705 2447 2690 2447 2670 2441 2629 2035 2651 1981 2644 1942 2640 1939 2640 1937 2640 1922 2646 1907 2653 1846 2648 1775 2644 1772 2644 1725 2653 1703 2657 1694 2655 1677 2646 1675 2646 1673 2646 1584 2657 1551 2661 1516 2661 1369 2653 1367 2653 1364 2653 1362 2653 1362 2655 1360 2655 1351 2666 1351 2668 1273 2668 1275 2705"/></Shape>
	    <String CONTENT="porro grave quo tempus quo grave pervenit ab A adE"
                    HPOS="1273"
                    VPOS="2629"
                    WIDTH="1174"
                    HEIGHT="95"
                    WC="0.963520998954773"></String>
          </TextLine>

          
          
          <TextLine ID="eSc_line_e3db6de1"
                    TAGREFS="LT11324"
                    BASELINE="2245 2731 2413 2722" 
                    HPOS="2243"
                    VPOS="2677"
                    WIDTH="170"
                    HEIGHT="84">
            <Shape><Polygon POINTS="2413 2744 2413 2722 2408 2685 2376 2677 2373 2677 2371 2677 2369 2677 2347 2683 2324 2692 2313 2681 2308 2679 2308 2677 2306 2677 2304 2677 2302 2677 2300 2677 2291 2681 2274 2687 2243 2679 2245 2731 2245 2761"/></Shape>
	    <String CONTENT="Es At"
                    HPOS="2243"
                    VPOS="2677"
                    WIDTH="170"
                    HEIGHT="84"
                    WC="0.9468781471252441"></String>
          </TextLine>

          
          
          <TextLine ID="eSc_line_cad6bdd5"
                    TAGREFS="LT11324"
                    BASELINE="490 2802 1475 2742 2133 2729" 
                    HPOS="488"
                    VPOS="2683"
                    WIDTH="1645"
                    HEIGHT="154">
            <Shape><Polygon POINTS="1877 2683 1874 2683 1872 2683 1807 2703 1785 2685 1783 2685 1781 2685 1779 2685 1777 2685 1727 2707 1627 2694 1625 2694 1623 2694 1620 2694 1590 2713 1547 2703 1545 2703 1542 2703 1540 2703 1505 2716 1421 2700 1419 2700 1336 2705 1334 2705 1332 2705 1312 2720 1297 2707 1295 2707 1293 2707 1291 2707 1106 2716 1104 2716 1063 2740 1045 2729 1043 2729 1041 2729 1039 2729 1037 2729 1035 2729 1015 2742 1009 2742 887 2731 885 2731 883 2731 841 2750 839 2750 820 2742 818 2742 815 2742 664 2757 635 2740 633 2740 631 2740 629 2740 627 2740 624 2740 594 2761 568 2744 566 2744 564 2744 562 2744 559 2744 557 2744 527 2766 522 2768 488 2768 490 2802 490 2837 633 2831 635 2831 709 2811 748 2824 752 2826 755 2826 757 2826 759 2826 770 2824 848 2800 915 2813 917 2813 920 2813 954 2794 1071 2789 1100 2805 1108 2809 1111 2809 1113 2809 1154 2800 1247 2781 1302 2792 1332 2798 1334 2798 1438 2792 1440 2792 1443 2792 1453 2783 1473 2768 1692 2766 1701 2768 1720 2776 1722 2776 1725 2776 1727 2776 1772 2763 1794 2759 1820 2761 1900 2770 1903 2770 1905 2770 1907 2770 1924 2755 1926 2755 1933 2755 2044 2763 2046 2763 2133 2742 2133 2729 2128 2687 2007 2683 2005 2683 1905 2698 1881 2683 1879 2683"/></Shape>
	    <String CONTENT="est ad tempus quo pervenit ab A ad X in subduplicata ratione AE. ad _ AX."
                    HPOS="488"
                    VPOS="2683"
                    WIDTH="1645"
                    HEIGHT="154"
                    WC="0.9611922347382323"></String>
          </TextLine>

          
          
          <TextLine ID="eSc_line_41f86f71"
                    TAGREFS="LT11324"
                    BASELINE="466 2854 917 2833 1245 2828 1560 2798 2443 2774" 
                    HPOS="464"
                    VPOS="2735"
                    WIDTH="1979"
                    HEIGHT="163">
            <Shape><Polygon POINTS="468 2898 694 2891 696 2891 713 2887 813 2852 961 2872 1019 2881 1022 2881 1226 2872 1228 2872 1230 2872 1245 2861 1302 2870 1304 2870 1306 2870 1308 2870 1330 2854 1336 2848 1345 2852 1373 2868 1375 2868 1377 2868 1512 2863 1514 2863 1564 2841 1603 2824 1766 2831 1796 2831 1798 2831 1801 2831 1807 2828 1833 2815 2037 2815 2100 2815 2102 2815 2206 2807 2317 2798 2339 2800 2393 2807 2395 2807 2397 2807 2443 2794 2443 2774 2439 2735 2269 2753 2230 2744 2215 2740 2213 2740 2211 2740 2183 2744 2122 2757 2078 2748 2057 2746 2054 2746 2022 2753 1972 2761 1944 2755 1918 2748 1916 2748 1913 2748 1911 2748 1894 2757 1877 2766 1864 2759 1853 2750 1851 2750 1848 2750 1846 2750 1844 2750 1816 2759 1805 2763 1722 2763 1456 2763 1453 2763 1451 2763 1449 2763 1430 2776 1417 2785 1321 2787 1280 2783 1202 2772 1200 2772 1197 2772 1167 2787 1158 2792 1074 2796 1056 2792 1019 2781 1017 2781 1015 2781 920 2794 833 2785 831 2785 828 2785 776 2802 763 2809 467 2815 464 2824 466 2854"/></Shape>
	    <String CONTENT="tempus quo grave descenditmpono ab E A, qualem esse debent ex positis, viderruns: "
                    HPOS="464"
                    VPOS="2735"
                    WIDTH="1979"
                    HEIGHT="163"
                    WC="0.9403438015681941"></String>
          </TextLine>

          
          
          <TextLine ID="eSc_line_1b3b8040_a"
                    TAGREFS="LT11324"
                    BASELINE="397 2924 907 2896 1241 2891 1788 2861 2417 2839" 
                    HPOS="395"
                    VPOS="2783"
                    WIDTH="2022"
                    HEIGHT="176">
            <Shape><Polygon POINTS="399 2959 453 2937 664 2933 690 2943 694 2946 696 2946 698 2946 713 2943 798 2924 815 2935 818 2935 820 2935 822 2935 902 2920 1071 2924 1145 2926 1147 2926 1323 2917 1325 2917 1356 2911 1403 2898 1538 2900 1642 2902 1644 2902 1647 2902 1679 2894 1703 2887 1722 2891 1759 2898 1762 2898 1764 2898 1766 2898 1779 2887 1788 2883 1822 2885 1898 2894 1900 2894 2000 2889 2002 2889 2041 2874 2057 2870 2070 2874 2104 2883 2107 2883 2109 2883 2111 2883 2165 2870 2189 2881 2191 2881 2193 2881 2196 2881 2243 2870 2347 2874 2350 2874 2352 2874 2417 2854 2417 2839 2413 2802 2369 2783 2367 2783 2365 2783 2243 2802 2204 2789 2202 2789 2200 2789 2198 2789 2117 2813 2096 2820 1983 2818 1890 2818 1887 2818 1844 2824 1772 2833 1751 2826 1703 2811 1701 2811 1699 2811 1571 2818 1568 2818 1566 2818 1547 2833 1532 2844 1492 2848 1377 2850 1351 2839 1349 2839 1347 2839 1345 2839 1343 2839 1323 2854 1037 2854 1035 2854 1032 2854 991 2868 952 2852 950 2852 948 2852 946 2852 943 2852 896 2865 870 2854 850 2848 848 2848 846 2848 759 2852 757 2852 726 2859 640 2883 581 2868 579 2868 577 2868 437 2870 395 2908 397 2924"/></Shape>
	    <String CONTENT="Sit ergo parabola cujus oidinala repraesett cujus rectex sit A altitodo ampritudo autem"
                    HPOS="395"
                    VPOS="2783"
                    WIDTH="2022"
                    HEIGHT="176"
                    WC="0.9460965912232454"></String>
          </TextLine>

          
          
          <TextLine ID="eSc_line_6dbbe8df"
                    TAGREFS="LT11324"
                    BASELINE="713 2950 2449 2891" 
                    HPOS="711"
                    VPOS="2850"
                    WIDTH="1738"
                    HEIGHT="137">
            <Shape><Polygon POINTS="1356 2896 1330 2902 1035 2911 1009 2911 883 2902 881 2902 878 2902 837 2917 835 2917 802 2907 800 2907 798 2907 711 2922 713 2950 713 2969 822 2987 824 2987 826 2987 828 2987 854 2967 859 2963 972 2961 985 2963 1063 2980 1065 2980 1067 2980 1069 2980 1087 2967 1126 2978 1128 2978 1130 2978 1132 2978 1167 2961 1221 2976 1223 2976 1226 2976 1228 2976 1288 2954 1302 2950 1312 2954 1341 2963 1343 2963 1345 2963 1347 2963 1349 2963 1364 2952 1373 2948 1490 2948 1495 2948 1545 2965 1547 2965 1549 2965 1551 2965 1612 2946 1631 2939 1657 2943 1740 2959 1742 2959 1744 2959 1746 2959 1746 2956 1764 2943 1929 2952 1931 2952 2072 2930 2143 2920 2198 2920 2215 2928 2243 2941 2245 2941 2248 2941 2449 2920 2449 2891 2443 2850 2313 2868 2285 2857 2282 2857 2280 2857 2274 2857 2122 2874 2083 2865 2068 2861 2065 2861 2063 2861 2061 2861 2041 2865 1998 2881 1842 2883 1824 2876 1811 2870 1809 2870 1807 2870 1805 2870 1781 2878 1755 2885 1720 2881 1681 2874 1679 2874 1571 2887 1486 2896 1462 2891 1423 2883 1421 2883"/></Shape>
	    <String CONTENT="erepraesentet tempus quo pervenit grave exo altitudine nequali ultitudini insius  s ad E"
                    HPOS="711"
                    VPOS="2850"
                    WIDTH="1738"
                    HEIGHT="137"
                    WC="0.9166648662225767"></String>
          </TextLine>

          
          
          <TextLine ID="eSc_line_b462eb1a"
                    TAGREFS="LT11324"
                    BASELINE="414 2967 605 2961" 
                    HPOS="412"
                    VPOS="2913"
                    WIDTH="193"
                    HEIGHT="80">
            <Shape><Polygon POINTS="568 2928 527 2922 512 2920 509 2920 507 2920 505 2920 501 2924 494 2928 492 2926 483 2920 477 2920 455 2922 449 2922 412 2935 414 2967 414 2993 605 2987 605 2961 596 2913 594 2913"/></Shape>
	    <String CONTENT="seu ordimala"
                    HPOS="412"
                    VPOS="2913"
                    WIDTH="193"
                    HEIGHT="80"
                    WC="0.9847969114780426"></String>
          </TextLine>

          
          
          <TextLine ID="eSc_line_13c794a3"
                    TAGREFS="LT11324"
                    BASELINE="418 3006 618 3011 889 2991 1807 2965 2443 2961" 
                    HPOS="416"
                    VPOS="2917"
                    WIDTH="2027"
                    HEIGHT="124">
            <Shape><Polygon POINTS="889 2946 854 2963 852 2965 416 2972 418 3006 418 3041 774 3032 783 3032 865 3015 946 3026 961 3028 963 3028 980 3026 1082 3009 1139 3022 1154 3024 1156 3024 1158 3024 1165 3022 1189 3009 1308 3017 1362 3019 1364 3019 1395 3013 1460 3000 1508 3011 1532 3015 1534 3015 1594 3009 1699 2996 1885 3000 1933 3000 1935 3000 2018 2996 2250 2982 2293 2987 2352 2996 2354 2996 2443 2982 2443 2961 2436 2928 2191 2933 2189 2933 2167 2917 2165 2917 2163 2917 2161 2917 2159 2917 2102 2933 2044 2917 2041 2917 2039 2917 2037 2917 2035 2917 2009 2937 2007 2939 1970 2939 1968 2937 1842 2922 1840 2922 1709 2941 1655 2926 1653 2926 1651 2926 1445 2948 1373 2933 1371 2933 1369 2933 1323 2950 1280 2935 1278 2935 1275 2935 1273 2935 1195 2954 1089 2948 1087 2948 1085 2948 1052 2959 1048 2959 1041 2959 904 2943 894 2946"/></Shape>
	    <String CONTENT="quia autem ca ncdementuri linee LCis incrementiam tesriporis quod est initio in E, est ad inremen"
                    HPOS="416"
                    VPOS="2917"
                    WIDTH="2027"
                    HEIGHT="124"
                    WC="0.9552853700426436"></String>
          </TextLine>

          
          
          <TextLine ID="eSc_line_784b8e63"
                    TAGREFS="LT11324"
                    BASELINE="397 3065 1117 3028 1857 3011 2254 3015 2404 3002" 
                    HPOS="394"
                    VPOS="2967"
                    WIDTH="2010"
                    HEIGHT="124">
            <Shape><Polygon POINTS="397 3091 668 3087 670 3087 679 3084 735 3063 766 3080 766 3082 768 3082 770 3082 772 3082 774 3082 783 3080 824 3069 852 3078 854 3078 857 3078 859 3078 861 3078 889 3058 941 3074 943 3074 946 3074 948 3074 950 3074 974 3056 1078 3052 1130 3069 1132 3069 1134 3069 1137 3069 1176 3050 1243 3050 1265 3063 1267 3063 1269 3063 1271 3063 1421 3041 1807 3048 1809 3048 1920 3026 1996 3043 1998 3043 2000 3043 2002 3043 2005 3043 2044 3032 2187 3037 2189 3037 2191 3037 2282 3017 2402 3030 2404 3002 2400 2967 1989 2967 1987 2967 1985 2967 1950 2980 1944 2980 1939 2980 1905 2969 1903 2969 1900 2969 1840 2980 1762 2974 1759 2974 1757 2974 1755 2974 1742 2985 1738 2987 1681 2987 1417 2985 1414 2985 1412 2985 1410 2985 1395 2996 1393 2996 1345 2987 1343 2987 394 3024 397 3065"/></Shape>
	    <String CONTENT="tam temporis  postea eandem semper ad Et partem axis rationem retinere lebet hinc"
                    HPOS="394"
                    VPOS="2967"
                    WIDTH="2010"
                    HEIGHT="124"
                    WC="0.9649322032928467"></String>
          </TextLine>

          
          
          <TextLine ID="eSc_line_d9eb44d7"
                    TAGREFS="LT11324"
                    BASELINE="364 3121 1045 3078 1866 3052 2458 3048" 
                    HPOS="362"
                    VPOS="3002"
                    WIDTH="2096"
                    HEIGHT="143">
            <Shape><Polygon POINTS="2378 3006 2356 3006 2334 3009 2313 3011 2291 3013 2269 3015 2248 3015 2226 3015 2204 3015 2200 3015 2198 3017 1981 3024 1961 3022 1913 3013 1911 3013 1827 3026 1807 3028 1781 3028 1649 3022 1647 3022 1644 3022 1599 3032 1390 3026 1388 3026 1308 3043 1089 3037 1087 3037 972 3041 969 3041 967 3041 943 3058 909 3043 907 3043 904 3043 805 3063 783 3067 772 3065 729 3050 726 3050 724 3050 722 3050 668 3069 657 3071 644 3069 607 3063 605 3063 603 3063 601 3063 590 3071 585 3076 412 3078 410 3078 390 3067 388 3067 386 3067 384 3067 362 3076 364 3121 364 3145 499 3128 527 3141 529 3141 531 3141 585 3141 596 3139 598 3139 633 3121 687 3132 690 3132 787 3110 857 3110 896 3126 907 3126 928 3124 950 3124 972 3124 993 3124 1015 3121 1037 3121 1058 3121 1080 3119 1102 3119 1124 3119 1139 3117 1165 3100 1323 3106 1325 3106 1328 3106 1351 3095 1367 3106 1369 3106 1371 3106 1373 3106 1375 3106 1417 3091 1495 3102 1497 3102 1564 3091 1588 3102 1590 3102 1592 3102 1594 3102 1675 3087 1785 3093 1788 3093 1790 3093 1792 3093 1818 3076 2057 3084 2063 3084 2065 3084 2068 3084 2070 3084 2087 3074 2150 3082 2161 3082 2163 3082 2458 3069 2458 3048 2454 3004 2400 3002 2400 3004"/></Shape>
	    <String CONTENT="itancum producenda est recta G eo, seu quod seodem redit dinenda est recta ed Fangens pre mbelamina"
                    HPOS="362"
                    VPOS="3002"
                    WIDTH="2096"
                    HEIGHT="143"
                    WC="0.9485317908152185"></String>
          </TextLine>

          
          
          <TextLine ID="eSc_line_33daa09f"
                    TAGREFS="LT11324"
                    BASELINE="403 3160 792 3132 1887 3097 2426 3100" 
                    HPOS="401"
                    VPOS="3056"
                    WIDTH="2025"
                    HEIGHT="126">
            <Shape><Polygon POINTS="403 3182 1223 3143 1258 3152 1260 3152 1262 3152 1338 3141 1360 3154 1362 3154 1364 3154 1367 3154 1386 3152 1542 3134 1640 3145 1655 3145 1657 3145 1785 3141 1788 3141 1790 3141 1820 3126 1887 3134 1890 3134 1892 3134 1894 3134 1909 3121 2039 3119 2083 3130 2089 3132 2091 3132 2094 3132 2096 3132 2102 3130 2133 3121 2423 3121 2426 3100 2421 3061 2133 3067 2087 3056 2085 3056 2083 3056 2081 3056 2026 3069 1963 3058 1961 3058 1503 3084 1445 3074 1443 3074 1364 3089 1160 3082 1158 3082 1061 3100 1058 3100 928 3089 926 3089 924 3089 922 3089 904 3102 776 3097 774 3097 401 3119 403 3160"/></Shape>
	    <String CONTENT="si jam quaeratur tempus insuntum Si ergo pouatur grave ex Horizonte AH ad horizontelum E co"
                    HPOS="401"
                    VPOS="3056"
                    WIDTH="2025"
                    HEIGHT="126"
                    WC="0.9662325578731495"></String>
          </TextLine>

          
          
          <TextLine ID="eSc_line_744e0268"
                    TAGREFS="LT11324"
                    BASELINE="388 3208 1043 3178 1462 3176 1992 3152 2391 3150" 
                    HPOS="386"
                    VPOS="3102"
                    WIDTH="2005"
                    HEIGHT="139">
            <Shape><Polygon POINTS="388 3228 451 3241 453 3241 815 3217 839 3217 846 3217 907 3225 909 3225 911 3225 913 3225 928 3215 941 3208 1032 3212 1065 3212 1067 3212 1104 3210 1247 3197 1286 3206 1315 3210 1317 3210 1564 3204 1566 3204 1568 3204 1575 3197 1592 3186 1738 3193 1744 3193 1746 3193 1749 3193 1801 3180 1818 3191 1820 3193 1822 3193 1824 3193 1827 3193 1842 3191 1913 3176 1955 3189 1966 3191 1968 3191 1970 3191 2007 3186 2139 3169 2389 3176 2391 3150 2387 3108 2245 3102 2243 3102 2115 3117 2100 3117 2094 3117 2035 3104 2033 3104 1903 3108 1900 3108 1840 3126 1833 3126 1803 3126 1607 3124 1605 3124 1482 3137 1475 3137 1443 3124 1440 3124 1438 3124 1436 3124 1380 3141 1373 3141 1369 3141 1310 3128 1308 3128 1197 3145 1195 3145 1193 3145 1045 3137 1043 3137 898 3143 896 3143 894 3143 872 3156 868 3156 733 3147 731 3147 642 3165 633 3165 620 3165 535 3158 533 3158 386 3171 388 3208"/></Shape>
	    <String CONTENT="descendisse in recta quacunque, ut cunque inclinata; ea ratione perrevise, los a ad"
                    HPOS="386"
                    VPOS="3102"
                    WIDTH="2005"
                    HEIGHT="139"
                    WC="0.960661662630288"></String>
          </TextLine>

          
          
          <TextLine ID="eSc_line_36141e8a"
                    TAGREFS="LT11324"
                    BASELINE="371 3271 959 3234 1269 3236 1725 3215 2406 3197" 
                    HPOS="368"
                    VPOS="3152"
                    WIDTH="2038"
                    HEIGHT="156">
            <Shape><Polygon POINTS="2163 3152 2161 3152 2113 3163 2044 3156 2041 3156 2039 3156 2005 3173 2000 3173 1976 3173 1785 3165 1783 3165 1781 3165 1753 3180 1727 3167 1725 3167 1722 3167 1720 3167 1673 3184 1662 3186 1647 3184 1586 3173 1584 3173 1464 3191 1423 3195 1386 3193 1273 3184 1271 3184 1111 3191 1108 3191 1063 3204 1037 3210 998 3206 933 3197 930 3197 928 3197 894 3208 883 3212 861 3210 811 3204 809 3204 807 3204 783 3212 759 3221 739 3215 718 3206 716 3206 713 3206 711 3206 679 3217 646 3228 368 3228 371 3271 371 3304 444 3308 447 3308 449 3308 451 3308 460 3301 486 3286 518 3299 525 3301 527 3301 529 3301 531 3301 538 3299 581 3282 661 3295 668 3295 670 3295 672 3295 674 3295 726 3273 881 3269 926 3269 956 3284 965 3288 967 3288 969 3288 1163 3282 1165 3282 1180 3278 1234 3258 1278 3273 1284 3275 1286 3275 1288 3275 1291 3275 1299 3273 1341 3258 1371 3271 1380 3273 1382 3273 1384 3273 1501 3269 1521 3265 1616 3243 1953 3243 1953 3241 2035 3225 2113 3241 2115 3241 2117 3241 2152 3230 2402 3234 2406 3197 2400 3160 2217 3165 2215 3165 2167 3152 2165 3152"/></Shape>
	    <String CONTENT="horitotalem XV, atque in destensu ab dE ioisumpsse tempus repraesaritatum pervordinalam"
                    HPOS="368"
                    VPOS="3152"
                    WIDTH="2038"
                    HEIGHT="156"
                    WC="0.8951179347504145"></String>
          </TextLine>

          
          
          <TextLine ID="eSc_line_4fdde6ea"
                    TAGREFS="LT11324"
                    BASELINE="1989 3319 2452 3310" 
                    HPOS="1987"
                    VPOS="3262"
                    WIDTH="465"
                    HEIGHT="89">
            <Shape><Polygon POINTS="2365 3262 2345 3271 2328 3282 2217 3282 2206 3271 2204 3269 2202 3269 2200 3269 2198 3269 2196 3269 2189 3271 2161 3282 2148 3271 2146 3269 2143 3269 2141 3269 2139 3269 2137 3269 2130 3271 2085 3284 2065 3271 2065 3269 2063 3269 2061 3269 2059 3269 1987 3269 1989 3319 1989 3351 2085 3332 2120 3343 2122 3343 2124 3343 2126 3343 2176 3330 2198 3343 2200 3343 2202 3343 2204 3343 2206 3343 2209 3343 2228 3327 2326 3345 2328 3345 2330 3345 2369 3327 2447 3343 2452 3310 2447 3273 2369 3262 2367 3262"/></Shape>
	    <String CONTENT="cesta LM. (paculleli"
                    HPOS="1987"
                    VPOS="3262"
                    WIDTH="465"
                    HEIGHT="89"
                    WC="0.89198167771101"></String>
          </TextLine>

          
          
          <TextLine ID="eSc_line_d997b059"
                    TAGREFS="LT11324"
                    BASELINE="373 3327 846 3299 2124 3260 2449 3262" 
                    HPOS="371"
                    VPOS="3215"
                    WIDTH="2078"
                    HEIGHT="134">
            <Shape><Polygon POINTS="375 3349 544 3345 546 3345 549 3345 549 3343 577 3327 611 3340 614 3340 616 3340 618 3340 646 3325 744 3336 770 3338 772 3338 792 3334 859 3319 896 3330 909 3334 911 3334 913 3334 954 3327 1058 3312 1141 3321 1184 3325 1186 3325 1267 3317 1397 3301 1486 3308 1523 3310 1525 3310 1584 3304 1692 3293 1712 3299 1729 3306 1731 3306 1733 3306 1736 3306 1755 3297 1768 3293 1777 3297 1798 3306 1801 3306 1803 3306 1861 3295 1903 3286 1935 3291 1974 3297 1976 3297 1979 3297 1996 3288 2009 3282 2102 3282 2107 3284 2122 3295 2124 3295 2126 3295 2128 3295 2130 3295 2133 3295 2150 3282 2154 3282 2176 3282 2343 3288 2345 3288 2347 3288 2376 3275 2382 3271 2391 3273 2417 3282 2419 3282 2421 3282 2423 3282 2449 3271 2449 3262 2445 3223 2252 3228 2226 3215 2224 3215 2222 3215 1957 3236 1736 3225 1733 3225 1603 3230 1601 3230 1532 3251 1527 3254 1386 3256 1384 3256 1343 3241 1341 3241 1338 3241 1336 3241 1280 3258 1247 3243 1245 3243 1243 3243 1121 3245 1065 3247 1063 3247 1061 3247 1028 3267 1026 3269 885 3271 852 3254 850 3254 848 3254 722 3258 720 3258 668 3278 668 3280 525 3282 488 3271 486 3271 483 3271 371 3286 373 3327"/></Shape>
	    <String CONTENT="paratolae et in descensu ab cec incumsisse tempus repraesentatum iper X V hordinatam ejusdem"
                    HPOS="371"
                    VPOS="3215"
                    WIDTH="2078"
                    HEIGHT="134"
                    WC="0.959113412577173"></String>
          </TextLine>

          
          
          <TextLine ID="eSc_line_313054e2"
                    TAGREFS="LT11324"
                    BASELINE="371 3386 1217 3338 1944 3319" 
                    HPOS="368"
                    VPOS="3267"
                    WIDTH="1576"
                    HEIGHT="154">
            <Shape><Polygon POINTS="1896 3269 1881 3282 1853 3271 1851 3271 1848 3271 1846 3271 1844 3271 1844 3273 1831 3284 1827 3284 1768 3275 1766 3275 1764 3275 1731 3288 1729 3288 1696 3275 1694 3275 1692 3275 1690 3275 1688 3275 1673 3291 1649 3291 1592 3295 1551 3295 1308 3295 1306 3295 1304 3295 1256 3308 1245 3310 1232 3310 1154 3299 1152 3299 1030 3306 1028 3306 1026 3306 1009 3319 1006 3319 1004 3319 928 3310 926 3310 924 3310 922 3310 909 3323 907 3325 839 3327 835 3325 807 3314 805 3314 802 3314 720 3332 703 3334 694 3332 659 3321 657 3321 655 3321 579 3325 577 3325 575 3325 555 3338 549 3343 368 3345 371 3386 373 3421 618 3388 709 3408 716 3408 718 3408 861 3401 863 3401 865 3401 902 3382 928 3395 930 3395 933 3395 935 3395 937 3395 961 3379 1024 3390 1026 3390 1028 3390 1071 3371 1095 3390 1098 3390 1100 3390 1102 3390 1104 3390 1106 3390 1180 3362 1308 3358 1356 3379 1358 3379 1360 3379 1362 3379 1364 3379 1410 3356 1519 3364 1521 3364 1610 3345 1942 3353 1944 3319 1939 3278 1909 3267 1907 3269"/></Shape>
	    <String CONTENT="Naabolae tanc in despensu per Ecnsa et in deses ducta"
                    HPOS="368"
                    VPOS="3267"
                    WIDTH="1576"
                    HEIGHT="154"
                    WC="0.9465465331977269"></String>
          </TextLine>

          
          
          <TextLine ID="eSc_line_72d60155"
                    TAGREFS="LT11324"
                    BASELINE="394 3438 1447 3384 2460 3362" 
                    HPOS="392"
                    VPOS="3314"
                    WIDTH="2068"
                    HEIGHT="154">
            <Shape><Polygon POINTS="2174 3332 2172 3332 2096 3319 2094 3319 2091 3319 2026 3338 2022 3340 1870 3343 1837 3330 1835 3330 1833 3330 1770 3343 1744 3332 1742 3332 1740 3332 1558 3353 1488 3343 1486 3343 1397 3360 1273 3349 1271 3349 1128 3356 1126 3356 1100 3369 1067 3360 1065 3360 1063 3360 1061 3360 1058 3360 1037 3375 1032 3377 954 3377 512 3384 392 3397 394 3438 394 3468 627 3460 746 3436 828 3451 831 3451 937 3432 965 3442 967 3442 969 3442 972 3442 1011 3432 1065 3438 1067 3438 1069 3438 1100 3423 1443 3423 1443 3421 1634 3403 1785 3416 1790 3416 1792 3416 1798 3416 1987 3390 2028 3408 2031 3408 2033 3408 2035 3408 2037 3408 2065 3397 2243 3399 2265 3399 2267 3399 2269 3399 2274 3399 2328 3382 2347 3395 2350 3395 2352 3395 2354 3395 2460 3390 2460 3362 2456 3323 2254 3314 2252 3314"/></Shape>
	    <String CONTENT="ipsi exi AX) in descensto per alitu ex altitudine (X dper colerituret honisous"
                    HPOS="392"
                    VPOS="3314"
                    WIDTH="2068"
                    HEIGHT="154"
                    WC="0.938632756853715"></String>
          </TextLine>

          
          
          <TextLine ID="eSc_line_494b40f8"
                    TAGREFS="LT11324"
                    BASELINE="371 3484 1256 3436 2471 3416" 
                    HPOS="368"
                    VPOS="3371"
                    WIDTH="2103"
                    HEIGHT="141">
            <Shape><Polygon POINTS="694 3423 672 3425 668 3425 620 3432 605 3434 601 3434 588 3427 585 3429 564 3429 542 3432 531 3432 522 3434 507 3440 368 3440 371 3484 371 3512 509 3507 512 3507 514 3507 529 3497 659 3503 661 3503 664 3503 705 3488 1011 3492 1013 3492 1015 3492 1113 3464 1308 3462 1362 3473 1364 3473 1462 3458 1519 3471 1521 3471 1523 3471 1525 3471 1568 3458 1614 3464 1616 3464 1618 3464 1620 3464 1640 3449 1805 3447 2133 3460 2150 3460 2152 3460 2159 3460 2215 3449 2287 3455 2298 3455 2300 3455 2302 3455 2304 3455 2345 3440 2469 3449 2471 3416 2467 3382 2308 3371 2306 3371 2224 3388 2215 3388 2196 3388 1998 3379 1996 3379 1785 3399 1759 3401 1755 3401 1714 3388 1712 3388 1709 3388 1707 3388 1705 3388 1686 3403 1681 3403 1668 3403 1551 3393 1549 3393 1356 3408 1195 3403 1193 3403 1191 3403 1160 3414 1093 3408 1091 3408 1089 3408 1041 3421 1028 3423 950 3423 733 3421 716 3423"/></Shape>
	    <String CONTENT="inclinatam seu in placio resto velincligato) eo quem coeperat motu insumsisse tempus . Mi"
                    HPOS="368"
                    VPOS="3371"
                    WIDTH="2103"
                    HEIGHT="141"
                    WC="0.9453042548024253"></String>
          </TextLine>

          
          
          <TextLine ID="eSc_line_d5c4f339"
                    TAGREFS="LT11324"
                    BASELINE="1579 3527 2410 3466" 
                    HPOS="1573"
                    VPOS="3421"
                    WIDTH="837"
                    HEIGHT="154">
            <Shape><Polygon POINTS="1584 3570 1623 3560 1636 3566 1653 3575 1655 3575 1657 3575 1660 3575 1690 3562 1701 3557 1705 3560 1720 3573 1722 3573 1725 3573 1727 3573 1729 3573 1757 3557 1796 3560 1798 3560 1801 3560 1803 3560 1803 3557 1811 3551 1822 3542 1933 3542 2176 3542 2176 3540 2224 3531 2226 3531 2228 3531 2228 3529 2230 3529 2241 3514 2245 3510 2410 3499 2410 3466 2406 3429 2367 3421 2365 3421 2363 3421 2360 3421 2358 3421 2341 3434 2337 3438 2137 3451 2098 3445 2059 3436 2057 3436 2054 3436 2035 3447 2007 3462 1959 3464 1903 3451 1870 3445 1868 3445 1811 3449 1809 3449 1807 3449 1807 3451 1801 3455 1790 3466 1573 3466 1579 3527"/></Shape>
	    <String CONTENT="e Hrs si x"
                    HPOS="1573"
                    VPOS="3421"
                    WIDTH="837"
                    HEIGHT="154"
                    WC="0.9137864708900452"></String>
          </TextLine>

          
          
          <TextLine ID="eSc_line_3cb0729f_b"
                    TAGREFS="LT11324"
                    BASELINE="336 3534 507 3531 985 3497 1434 3477" 
                    HPOS="336"
                    VPOS="3436"
                    WIDTH="1098"
                    HEIGHT="132">
            <Shape><Polygon POINTS="366 3564 368 3564 371 3564 384 3555 410 3568 412 3568 414 3568 562 3562 637 3557 640 3557 642 3557 642 3555 664 3536 744 3553 746 3553 839 3549 841 3549 887 3525 924 3538 926 3538 928 3538 930 3538 933 3538 933 3536 948 3523 948 3521 996 3521 1017 3538 1019 3538 1022 3538 1024 3540 1067 3540 1067 3538 1126 3534 1128 3534 1130 3534 1163 3512 1165 3510 1232 3510 1295 3527 1297 3527 1299 3527 1302 3527 1354 3505 1371 3516 1373 3516 1375 3516 1377 3516 1380 3516 1434 3499 1434 3477 1432 3447 1395 3436 1393 3436 1390 3436 1388 3436 1349 3451 1345 3453 1343 3453 1306 3440 1304 3440 1302 3440 1299 3440 1297 3440 1280 3451 1219 3445 1217 3445 1215 3445 1213 3445 1213 3447 1210 3447 1202 3460 1200 3460 1167 3447 1165 3447 1163 3447 1160 3447 1158 3447 1141 3462 1121 3449 1119 3449 1117 3449 1115 3449 1043 3464 1013 3455 1011 3455 1009 3455 1006 3455 980 3468 976 3471 965 3468 904 3460 902 3460 900 3460 898 3460 898 3462 885 3473 883 3475 854 3475 716 3468 713 3468 711 3468 666 3484 655 3486 627 3486 531 3479 529 3479 527 3479 525 3479 525 3481 522 3481 516 3490 514 3492 475 3492 358 3488 355 3488 353 3488 336 3498 336 3560 364 3564"/></Shape>
	    <String CONTENT="Aute linea El incipando insumsise tempus M"
                    HPOS="336"
                    VPOS="3436"
                    WIDTH="1098"
                    HEIGHT="132"
                    WC="0.9582690454664684"></String>
          </TextLine>

          
          
          <TextLine ID="eSc_line_d41cedfe_b"
                    TAGREFS="LT11324"
                    BASELINE="337 3596 579 3575 1566 3527" 
                    HPOS="336"
                    VPOS="3494"
                    WIDTH="1230"
                    HEIGHT="137">
            <Shape><Polygon POINTS="375 3629 377 3629 420 3616 473 3599 499 3612 516 3620 518 3620 520 3620 522 3620 559 3607 590 3599 622 3605 672 3614 674 3614 677 3614 679 3614 698 3601 722 3586 766 3596 783 3601 785 3601 787 3601 789 3601 792 3601 800 3594 818 3581 846 3592 874 3603 876 3603 878 3603 881 3603 909 3588 930 3577 948 3586 952 3590 954 3590 956 3590 1106 3592 1108 3592 1111 3592 1156 3577 1186 3586 1189 3586 1191 3586 1193 3586 1195 3586 1219 3570 1241 3557 1566 3551 1566 3527 1560 3494 336 3549 337 3631 375 3631"/></Shape>
	    <String CONTENT="portio autem EN. seu S dxa dy _. m ( axxie ="
                    HPOS="336"
                    VPOS="3494"
                    WIDTH="1230"
                    HEIGHT="137"
                    WC="0.9152962805872614"></String>
          </TextLine>

          
          
          <TextLine ID="eSc_line_513b91e0"
                    TAGREFS="LT11324"
                    BASELINE="1909 3612 1948 3609" 
                    HPOS="1907"
                    VPOS="3583"
                    WIDTH="41"
                    HEIGHT="45">
            <Shape><Polygon POINTS="1909 3628 1948 3626 1948 3609 1944 3583 1907 3583 1909 3612"/></Shape>
	    <String CONTENT="s"
                    HPOS="1907"
                    VPOS="3583"
                    WIDTH="41"
                    HEIGHT="45"
                    WC="0.7957610487937927"></String>
          </TextLine>

          
          
          <TextLine ID="eSc_line_51fe9ccb_b"
                    TAGREFS="LT11324"
                    BASELINE="338 3650 989 3625 1469 3583 1976 3570" 
                    HPOS="337"
                    VPOS="3523"
                    WIDTH="1641"
                    HEIGHT="172">
            <Shape><Polygon POINTS="566 3694 651 3664 737 3687 777 3685 878 3662 920 3675 922 3675 924 3675 1004 3672 1006 3672 1009 3672 1032 3657 1134 3667 1217 3663 1223 3659 1249 3661 1357 3656 1412 3627 1749 3614 1796 3634 1978 3625 1976 3570 1970 3523 1818 3529 1816 3529 1809 3531 1733 3551 1703 3540 1701 3540 1699 3540 1696 3540 1694 3540 1679 3553 1623 3542 1620 3542 1618 3542 1590 3555 1536 3547 1512 3542 1510 3542 1356 3549 1312 3551 1310 3551 1308 3551 1299 3560 1282 3573 1019 3583 978 3577 924 3568 922 3568 920 3568 891 3581 874 3590 857 3583 839 3577 837 3577 731 3577 729 3577 726 3577 672 3592 588 3583 585 3583 583 3583 538 3601 527 3605 516 3603 468 3590 466 3590 464 3590 462 3590 416 3607 412 3612 337 3614 338 3685 564 3695"/></Shape>
	    <String CONTENT=" sec seu eY est ud E AX in fbdoplicataratione _ A X id AF."
                    HPOS="337"
                    VPOS="3523"
                    WIDTH="1641"
                    HEIGHT="172"
                    WC="0.8987715259708208"></String>
          </TextLine>

          
          
          <TextLine ID="eSc_line_634eb887"
                    TAGREFS="LT11324"
                    BASELINE="757 757 898 752" 
                    HPOS="755"
                    VPOS="728"
                    WIDTH="143"
                    HEIGHT="55">
            <Shape><Polygon POINTS="757 757 757 783 898 774 898 752 891 728 755 731 755 733"/></Shape>
	    <String CONTENT="ceta="
                    HPOS="755"
                    VPOS="728"
                    WIDTH="143"
                    HEIGHT="55"
                    WC="0.9860306143760681"></String>
          </TextLine>

          
          
          <TextLine ID="eSc_line_5c5a96c6"
                    TAGREFS="LT11324"
                    BASELINE="572 1247 1254 1210" 
                    HPOS="568"
                    VPOS="1162"
                    WIDTH="686"
                    HEIGHT="113">
            <Shape><Polygon POINTS="572 1275 852 1251 920 1260 922 1260 924 1260 1093 1251 1095 1251 1098 1251 1111 1240 1165 1247 1167 1247 1169 1247 1206 1234 1252 1243 1254 1210 1249 1169 1169 1162 1167 1162 980 1173 978 1173 976 1173 959 1186 952 1188 911 1188 796 1186 794 1186 792 1186 766 1197 757 1201 568 1206 572 1247"/></Shape>
	    <String CONTENT="porro ergo dt -s: Ex "
                    HPOS="568"
                    VPOS="1162"
                    WIDTH="686"
                    HEIGHT="113"
                    WC="0.8951334314686912"></String>
          </TextLine>

          
          
          <TextLine ID="eSc_line_0f26eedc"
                    TAGREFS="LT11324"
                    BASELINE="928 670 1512 631 2378 607" 
                    HPOS="924"
                    VPOS="561"
                    WIDTH="1454"
                    HEIGHT="135">
            <Shape><Polygon POINTS="928 696 1145 689 1154 687 1258 663 1351 672 1354 672 1356 672 1419 657 1547 663 1549 663 1670 648 1714 659 1716 659 1718 659 1720 659 1722 659 1746 644 1781 659 1783 659 1785 659 1788 659 1790 659 1794 657 1822 642 1846 655 1851 657 1853 657 1855 657 1857 657 1866 655 1920 637 1959 650 1963 650 1966 650 1968 650 1970 650 1972 650 1972 648 1987 639 1998 648 2005 653 2007 653 2009 653 2011 653 2041 646 2085 635 2115 642 2122 644 2124 644 2126 644 2128 644 2130 644 2130 642 2133 642 2141 631 2159 639 2174 648 2176 648 2178 648 2180 648 2202 637 2211 635 2224 637 2263 644 2265 644 2378 629 2378 607 2373 561 2228 581 1979 581 1931 581 1929 581 1926 581 1922 583 1903 592 1840 587 1816 585 1814 585 1779 590 1720 598 1712 594 1705 587 1703 587 1701 587 1699 587 1655 596 1620 603 1603 598 1581 592 1579 592 1577 592 1510 603 1495 605 1466 605 1336 603 1334 603 1332 603 1330 603 1317 613 1310 613 1260 605 1258 605 1256 605 1232 616 1221 607 1219 607 1217 607 1215 607 1152 620 1143 622 1137 622 1089 611 1087 611 1085 611 1082 611 1063 624 1009 618 1006 618 924 631 928 670"/></Shape>
	    <String CONTENT="et spatiam, ATC erit _ bt: 2a. si jam Ordiantae parabolae"
                    HPOS="924"
                    VPOS="561"
                    WIDTH="1454"
                    HEIGHT="135"
                    WC="0.9883532199943275"></String>
          </TextLine>

          
          
          <TextLine ID="eSc_line_68335b0e"
                    TAGREFS="LT11324"
                    BASELINE="535 1141 939 1110 1731 1089 2198 1054 2389 1047" 
                    HPOS="533"
                    VPOS="1015"
                    WIDTH="1856"
                    HEIGHT="147">
            <Shape><Polygon POINTS="1783 1039 1777 1043 1764 1052 1638 1056 1571 1054 1462 1050 1460 1050 1458 1050 1456 1050 1445 1060 1440 1063 1386 1063 1291 1063 1288 1063 1286 1063 1267 1069 1252 1073 1241 1069 1217 1063 1215 1063 1213 1063 1002 1080 868 1076 865 1076 863 1076 861 1076 844 1089 839 1093 705 1097 700 1097 679 1086 677 1086 674 1086 672 1086 670 1086 657 1099 533 1104 535 1141 535 1158 729 1162 731 1162 733 1162 789 1147 813 1141 911 1141 1015 1141 1017 1141 1061 1134 1095 1128 1117 1130 1158 1136 1160 1136 1163 1136 1184 1128 1189 1125 1191 1128 1206 1134 1208 1134 1210 1134 1213 1134 1215 1134 1228 1125 1234 1121 1256 1123 1288 1128 1291 1128 1330 1119 1356 1115 1369 1119 1408 1130 1410 1130 1412 1130 1631 1121 1634 1121 1636 1121 1651 1110 1837 1112 1840 1112 1842 1112 1883 1093 1890 1091 1900 1093 1966 1104 1968 1104 1970 1104 1972 1104 1996 1086 1998 1086 2007 1086 2100 1097 2102 1097 2389 1067 2389 1047 2384 1015 2170 1017 2122 1026 2072 1039 1881 1045 1835 1041 1801 1036 1790 1039"/></Shape>
	    <String CONTENT="quia autem X = 1²: 2a. vilvicissim F = 2aX. et + = √2ax. Ergo dt = F2a: 2 Yx"
                    HPOS="533"
                    VPOS="1015"
                    WIDTH="1856"
                    HEIGHT="147"
                    WC="0.9520753841651114"></String>
          </TextLine>

          
          
          <TextLine ID="eSc_line_a84d92b7"
                    TAGREFS="LT11324"
                    BASELINE="518 1199 1189 1151 2107 1138" 
                    HPOS="516"
                    VPOS="1089"
                    WIDTH="1591"
                    HEIGHT="132">
            <Shape><Polygon POINTS="533 1221 535 1221 538 1221 540 1221 677 1217 679 1217 711 1204 757 1214 759 1214 761 1214 848 1195 865 1193 878 1195 930 1204 933 1204 935 1204 972 1191 983 1188 1041 1188 1189 1191 1191 1191 1260 1180 1284 1178 1291 1180 1332 1195 1334 1195 1336 1195 1434 1180 1466 1191 1469 1191 1471 1191 1473 1191 1540 1171 1549 1169 1599 1169 1601 1169 1620 1184 1623 1184 1625 1184 1627 1184 1629 1184 1677 1164 1679 1164 1683 1164 1725 1182 1727 1182 1729 1182 1855 1175 1857 1175 1859 1175 1879 1158 1881 1158 1937 1173 1939 1173 1942 1173 2046 1171 2048 1171 2107 1149 2107 1138 2098 1089 2039 1104 1994 1095 1992 1095 1887 1108 1866 1095 1855 1091 1853 1091 1851 1091 1848 1091 1846 1091 1840 1097 1822 1112 1762 1112 1738 1102 1731 1097 1729 1097 1727 1097 1725 1097 1707 1102 1649 1119 1551 1119 1529 1108 1521 1104 1519 1104 1516 1104 1514 1104 1492 1110 1438 1123 1377 1112 1343 1108 1341 1108 1052 1119 1050 1119 1037 1125 1017 1136 950 1128 902 1123 900 1123 831 1125 828 1125 826 1125 818 1134 807 1143 787 1134 785 1134 783 1134 781 1134 779 1134 776 1134 759 1147 698 1138 674 1134 672 1134 670 1134 657 1138 624 1151 516 1145 518 1199 518 1210"/></Shape>
	    <String CONTENT="Nam EX = e. X Ergo si e = 12 fet d Y = L X seu AX d Yx = d:"
                    HPOS="516"
                    VPOS="1089"
                    WIDTH="1591"
                    HEIGHT="132"
                    WC="0.9395160371974364"></String>
          </TextLine>

          
          
          <TextLine ID="eSc_line_dd05f919"
                    TAGREFS="LT11324"
                    BASELINE="1158 731 2263 681" 
                    HPOS="1156"
                    VPOS="657"
                    WIDTH="1107"
                    HEIGHT="100">
            <Shape><Polygon POINTS="1265 707 1243 709 1221 711 1200 711 1178 713 1156 713 1158 731 1158 757 2261 705 2263 681 2258 657 1299 696 1286 707"/></Shape>
	    <String CONTENT="+ et ATC = F: 2 et 1p x _ t 1²2a, et latus rectum a"
                    HPOS="1156"
                    VPOS="657"
                    WIDTH="1107"
                    HEIGHT="100"
                    WC="0.9501328795563941"></String>
          </TextLine>

          
          
          <TextLine ID="eSc_line_b187c988"
                    TAGREFS="LT11324"
                    BASELINE="486 1499 1855 1438 2434 1429" 
                    HPOS="481"
                    VPOS="1373"
                    WIDTH="1953"
                    HEIGHT="165">
            <Shape><Polygon POINTS="486 1538 596 1516 685 1529 687 1529 690 1529 692 1529 722 1509 828 1507 889 1520 891 1520 894 1520 939 1501 1085 1496 1189 1509 1191 1509 1297 1490 1323 1503 1325 1503 1328 1503 1575 1494 1625 1492 1627 1492 1657 1477 1772 1486 1775 1486 1777 1486 1846 1466 1924 1479 1926 1479 1929 1479 1968 1468 1989 1477 1992 1477 1994 1477 1996 1477 1998 1477 2024 1460 2065 1473 2068 1473 2070 1473 2282 1455 2432 1460 2434 1429 2428 1384 2139 1392 2133 1392 2063 1373 2061 1373 2059 1373 1877 1381 1874 1381 1837 1399 1792 1384 1790 1384 1788 1384 1785 1384 1744 1403 1731 1410 1714 1405 1686 1397 1683 1397 1681 1397 1590 1410 1532 1416 1512 1412 1471 1399 1469 1399 1466 1399 1464 1399 1462 1399 1443 1414 1430 1423 1401 1423 1388 1414 1358 1401 1356 1401 1354 1401 1252 1405 1249 1405 1215 1420 1189 1431 1100 1425 1004 1416 1002 1416 1000 1416 963 1429 946 1434 911 1429 848 1423 846 1423 844 1423 820 1434 792 1444 731 1436 711 1434 709 1434 707 1434 694 1436 631 1453 581 1440 564 1436 562 1436 559 1436 481 1442 486 1499"/></Shape>
	    <String CONTENT="IDD =B d dx: B et fiet dx: Sdae +d:: b: a. sa: Ex. seu Ax + ty: x =2Xa: bb="
                    HPOS="481"
                    VPOS="1373"
                    WIDTH="1953"
                    HEIGHT="165"
                    WC="0.9270715594291687"></String>
          </TextLine>

          
          
          <TextLine ID="eSc_line_5c034eae"
                    TAGREFS="LT11324"
                    BASELINE="496 1670 1469 1670" 
                    HPOS="496"
                    VPOS="1614"
                    WIDTH="973"
                    HEIGHT="106">
            <Shape><Polygon POINTS="496 1703 527 1718 529 1718 531 1718 533 1718 581 1703 642 1718 644 1718 646 1718 718 1703 726 1703 781 1703 783 1705 796 1716 796 1718 798 1718 800 1718 802 1718 805 1718 850 1705 859 1703 868 1705 900 1718 902 1718 904 1718 907 1718 928 1705 933 1703 937 1707 952 1718 954 1718 956 1718 959 1718 961 1718 963 1718 980 1707 987 1703 993 1707 1017 1718 1019 1718 1022 1718 1024 1718 1048 1707 1058 1703 1189 1703 1195 1709 1204 1718 1206 1718 1208 1718 1210 1720 1269 1720 1269 1718 1271 1718 1273 1718 1284 1709 1297 1703 1341 1711 1380 1718 1382 1718 1469 1711 1469 1670 1469 1633 1436 1616 1434 1616 1432 1616 1430 1616 1427 1616 1399 1635 1312 1635 1223 1614 1221 1614 1219 1614 1178 1633 1141 1614 1139 1614 1137 1614 1082 1624 948 1614 946 1614 943 1614 941 1614 911 1635 818 1635 800 1618 800 1616 798 1616 796 1616 794 1616 752 1624 720 1614 718 1614 716 1614 713 1614 711 1614 679 1635 496 1635 496 1670"/></Shape>
	    <String CONTENT="du 2 d 11ah, ab se. D g =2 F12gh"
                    HPOS="496"
                    VPOS="1614"
                    WIDTH="973"
                    HEIGHT="106"
                    WC="0.8504685554653406"></String>
          </TextLine>

          
          
          <TextLine ID="eSc_line_a2cde7c5"
                    TAGREFS="LT11324"
                    BASELINE="1740 533 2397 507" 
                    HPOS="1736"
                    VPOS="477"
                    WIDTH="661"
                    HEIGHT="89">
            <Shape><Polygon POINTS="1740 559 1933 548 1950 555 1972 566 1974 566 1976 566 1979 566 2005 555 2026 544 2057 553 2085 561 2087 561 2089 564 2122 564 2122 561 2124 561 2126 561 2126 559 2135 551 2141 544 2154 551 2172 557 2174 557 2176 557 2397 544 2397 507 2391 477 1736 498 1740 533"/></Shape>
	    <String CONTENT="sit AT: e TC- taas a: b"
                    HPOS="1736"
                    VPOS="477"
                    WIDTH="661"
                    HEIGHT="89"
                    WC="0.9069750334905542"></String>
          </TextLine>

          
          
          <TextLine ID="eSc_line_f2d18c9b"
                    TAGREFS="LT11324"
                    BASELINE="438 1616 874 1601 1443 1603 2293 1572" 
                    HPOS="436"
                    VPOS="1527"
                    WIDTH="1857"
                    HEIGHT="128">
            <Shape><Polygon POINTS="479 1583 466 1575 436 1575 438 1616 438 1637 581 1637 583 1637 629 1655 631 1655 633 1655 635 1655 698 1635 707 1631 792 1631 798 1633 826 1648 828 1648 907 1655 909 1655 911 1655 913 1655 950 1629 956 1624 1045 1624 1052 1627 1065 1637 1067 1637 1069 1637 1071 1637 1074 1637 1106 1627 1111 1624 1115 1627 1165 1644 1167 1644 1169 1644 1171 1644 1241 1622 1249 1620 1254 1622 1278 1635 1280 1635 1282 1635 1284 1635 1306 1627 1338 1642 1341 1642 1343 1644 1469 1644 1469 1642 1725 1635 1727 1635 1768 1620 1807 1631 1809 1631 1811 1631 1814 1631 1900 1609 1959 1618 1961 1618 1963 1618 1966 1618 1981 1607 1987 1601 2013 1605 2098 1622 2100 1622 2206 1601 2245 1594 2289 1598 2293 1572 2289 1544 2057 1527 2054 1527 2052 1527 1979 1548 1968 1551 1926 1548 1811 1544 1809 1544 1807 1544 1790 1553 1783 1557 1280 1568 1254 1562 1213 1548 1210 1548 1208 1548 1206 1548 1169 1564 1156 1568 1143 1564 1115 1551 1113 1551 1111 1551 1052 1566 1026 1570 969 1566 852 1557 850 1557 848 1557 846 1557 828 1568 813 1577 772 1570 722 1562 720 1562 509 1572 501 1594"/></Shape>
	    <String CONTENT="i iseu facegndo, bbil-2a. fet  dx √  na n e jam sit x e-h. pet"
                    HPOS="436"
                    VPOS="1527"
                    WIDTH="1857"
                    HEIGHT="128"
                    WC="0.8880730761635688"></String>
          </TextLine>

          
          
          <TextLine ID="eSc_line_8d726327"
                    TAGREFS="LT11324"
                    BASELINE="475 2015 1173 1985 2298 1976" 
                    HPOS="473"
                    VPOS="1930"
                    WIDTH="1825"
                    HEIGHT="117">
            <Shape><Polygon POINTS="475 2047 653 2021 731 2032 733 2032 865 2017 915 2034 917 2034 920 2034 1024 2024 1054 2039 1056 2039 1058 2039 1061 2039 1063 2039 1078 2028 1178 2032 1180 2032 1182 2032 1184 2032 1219 2008 1529 2006 1571 2026 1573 2026 1575 2026 1577 2026 1627 2004 1746 2015 1749 2015 1831 2000 1926 2024 1929 2024 1931 2024 2068 2021 2070 2021 2072 2021 2091 2011 2295 2017 2298 1976 2293 1943 2096 1932 2094 1932 1996 1945 1989 1945 1987 1945 1946 1930 1944 1930 1942 1930 1939 1930 1903 1945 1898 1950 1798 1950 1783 1948 1703 1930 1701 1930 1627 1945 1577 1932 1575 1932 1573 1932 1571 1932 1538 1948 1508 1935 1505 1935 1503 1935 1282 1939 1280 1939 1243 1954 1234 1956 1206 1954 1087 1941 1085 1941 1082 1941 1043 1956 1035 1959 1019 1956 974 1948 972 1948 969 1948 967 1948 954 1956 950 1959 948 1956 926 1945 924 1945 922 1945 839 1959 774 1967 473 1963 475 2015"/></Shape>
	    <String CONTENT="Tocubica, cujus aequalio est gbbyy.1= tito seu B 9CGy = B3. inista"
                    HPOS="473"
                    VPOS="1930"
                    WIDTH="1825"
                    HEIGHT="117"
                    WC="0.9339183632171515"></String>
          </TextLine>

          
          
          <TextLine ID="eSc_line_bdaf7393_a"
                    TAGREFS="LT11324"
                    
                    HPOS="380"
                    VPOS="2879"
                    WIDTH="47"
                    HEIGHT="50">
            <Shape><Polygon POINTS="388 2922 394 2917 427 2917 427 2879 382 2920 380 2929"/></Shape>
	    <String CONTENT=""
                    HPOS="380"
                    VPOS="2879"
                    WIDTH="47"
                    HEIGHT="50"></String>
          </TextLine>

          
          
          <TextLine ID="eSc_line_5942cce2"
                    TAGREFS="LT11324"
                    BASELINE="466 2293 711 2264 1074 2254 1519 2223 2015 2201 2443 2201" 
                    HPOS="462"
                    VPOS="2141"
                    WIDTH="1981"
                    HEIGHT="180">
            <Shape><Polygon POINTS="466 2321 553 2319 555 2319 557 2319 575 2303 605 2316 607 2316 609 2316 611 2316 670 2288 722 2301 724 2301 726 2301 872 2280 917 2303 920 2303 922 2303 1169 2293 1171 2293 1228 2264 1319 2286 1321 2286 1323 2286 1417 2282 1419 2282 1421 2282 1451 2258 1527 2251 1657 2264 1660 2264 1662 2264 1664 2264 1686 2249 1727 2256 1729 2256 1822 2241 1874 2262 1877 2262 1879 2262 1881 2262 1883 2262 1887 2262 1966 2238 2039 2254 2041 2254 2044 2254 2098 2230 2180 2243 2183 2243 2185 2243 2235 2221 2324 2238 2326 2238 2328 2238 2330 2238 2350 2225 2443 2236 2443 2201 2439 2149 2395 2141 2393 2141 2391 2141 2389 2141 2367 2154 2363 2158 2128 2173 2087 2169 2015 2158 2013 2158 1881 2162 1879 2162 1877 2162 1857 2180 1855 2182 1818 2182 1807 2182 1729 2169 1727 2169 1725 2169 1675 2188 1670 2188 1662 2188 1547 2178 1545 2178 1542 2178 1540 2178 1516 2195 1477 2180 1475 2180 1473 2180 1436 2182 1434 2182 1432 2182 1408 2201 1401 2206 1267 2210 1221 2210 969 2201 967 2201 965 2201 891 2225 889 2225 885 2225 796 2217 794 2217 792 2217 789 2217 770 2230 731 2217 729 2217 726 2217 724 2217 687 2234 585 2225 583 2225 462 2245 466 2293"/></Shape>
	    <String CONTENT="1. 0: 1c: at: 8 2fX seu 01: 1:: 1 X : 4ca seu tempus quo pervenitur"
                    HPOS="462"
                    VPOS="2141"
                    WIDTH="1981"
                    HEIGHT="180"
                    WC="0.8958287027789585"></String>
          </TextLine>

          
          
          <TextLine ID="eSc_line_7324312d"
                    TAGREFS="LT11324"
                    BASELINE="457 2460 2439 2397" 
                    HPOS="455"
                    VPOS="2353"
                    WIDTH="1984"
                    HEIGHT="139">
            <Shape><Polygon POINTS="457 2490 577 2492 579 2492 581 2492 592 2488 611 2477 644 2486 659 2490 661 2490 664 2490 666 2490 685 2484 737 2470 828 2481 863 2484 865 2484 868 2484 878 2479 907 2464 1004 2462 1150 2470 1180 2473 1182 2473 1184 2473 1189 2470 1213 2457 1239 2468 1241 2468 1243 2468 1247 2468 1345 2451 1390 2464 1397 2466 1399 2466 1401 2466 1479 2464 1495 2462 1575 2444 1668 2457 1683 2457 1686 2457 1703 2455 1831 2434 2026 2429 2063 2444 2065 2444 2068 2444 2070 2444 2113 2429 2148 2442 2150 2442 2152 2442 2156 2442 2269 2427 2285 2438 2287 2438 2289 2438 2291 2438 2436 2434 2439 2397 2432 2360 2198 2371 2187 2366 2150 2353 2148 2353 2146 2353 2143 2353 2113 2366 2033 2356 2031 2356 2028 2356 1992 2373 1983 2379 1851 2379 1846 2379 1809 2366 1807 2366 1805 2366 1803 2366 1768 2382 1762 2384 1751 2382 1679 2366 1677 2366 1564 2388 1542 2392 1527 2390 1475 2377 1473 2377 1471 2377 1434 2392 1390 2377 1388 2377 1386 2377 1200 2382 1197 2382 1130 2403 1128 2405 859 2414 844 2414 781 2405 779 2405 729 2416 726 2416 661 2401 659 2401 657 2401 607 2416 518 2403 516 2403 514 2403 455 2423 457 2460"/></Shape>
	    <String CONTENT="duplum ipsius AE seu e fiet V: + :: 1. set. dena ne sulsit etadi caecili"
                    HPOS="455"
                    VPOS="2353"
                    WIDTH="1984"
                    HEIGHT="139"
                    WC="0.9435184506906403"></String>
          </TextLine>

          
          
          <TextLine ID="eSc_line_5ff97c8b"
                    TAGREFS="LT11324"
                    BASELINE="496 2740 1111 2718" 
                    HPOS="494"
                    VPOS="2679"
                    WIDTH="617"
                    HEIGHT="100">
            <Shape><Polygon POINTS="496 2779 538 2779 538 2776 540 2776 542 2776 544 2774 564 2759 596 2772 605 2774 607 2774 609 2774 611 2774 614 2774 614 2772 616 2770 629 2757 696 2766 739 2770 742 2770 744 2770 766 2761 776 2757 798 2759 854 2766 857 2766 859 2766 907 2753 933 2746 969 2748 1065 2757 1067 2757 1069 2757 1111 2740 1111 2718 1104 2679 972 2690 952 2685 928 2679 926 2679 924 2679 922 2679 887 2690 861 2696 841 2692 813 2683 811 2683 809 2683 807 2683 805 2683 789 2694 783 2698 772 2694 744 2685 742 2685 739 2685 737 2685 692 2698 674 2703 646 2700 557 2692 555 2692 553 2692 494 2707 496 2740"/></Shape>
	    <String CONTENT="seu D= ax: b - ac: b"
                    HPOS="494"
                    VPOS="2679"
                    WIDTH="617"
                    HEIGHT="100"
                    WC="0.9849505215883255"></String>
          </TextLine>

          
          
          <TextLine ID="eSc_line_535236c7_a"
                    TAGREFS="LT11324"
                    
                    HPOS="337"
                    VPOS="3336"
                    WIDTH="1"
                    HEIGHT="39">
            <Shape><Polygon POINTS="338 3375 338 3336 337 3375"/></Shape>
	    <String CONTENT=""
                    HPOS="337"
                    VPOS="3336"
                    WIDTH="1"
                    HEIGHT="39"></String>
          </TextLine>

          
          
          <TextLine ID="eSc_line_9819ac28"
                    TAGREFS="LT11324"
                    BASELINE="429 2131 457 2130" 
                    HPOS="429"
                    VPOS="2093"
                    WIDTH="28"
                    HEIGHT="62">
            <Shape><Polygon POINTS="457 2143 457 2130 455 2104 429 2093 430 2155"/></Shape>
	    <String CONTENT="."
                    HPOS="429"
                    VPOS="2093"
                    WIDTH="28"
                    HEIGHT="62"
                    WC="0.9832285642623901"></String>
          </TextLine>

          
        </TextBlock>
        
        <TextBlock HPOS="83"
                   VPOS="3440"
                   WIDTH="241"
                   HEIGHT="272"
                   ID="r77"
                   TAGREFS="BT16575">
          <Shape><Polygon POINTS="83 3540 87 3712 324 3698 322 3450 211 3440 212 3508 110 3515"/></Shape>
          
          
          <TextLine ID="eSc_line_3cb0729f_a"
                    TAGREFS="LT11324"
                    BASELINE="104 3538 323 3534" 
                    HPOS="102"
                    VPOS="3488"
                    WIDTH="221"
                    HEIGHT="87">
            <Shape><Polygon POINTS="104 3560 164 3560 188 3575 190 3575 193 3575 195 3575 288 3553 323 3558 322 3499 321 3499 292 3488 290 3488 288 3488 212 3496 212 3508 110 3515 102 3522 104 3538"/></Shape>
	    <String CONTENT="nonde ese"
                    HPOS="102"
                    VPOS="3488"
                    WIDTH="221"
                    HEIGHT="87"
                    WC="0.9948854380183749"></String>
          </TextLine>

          
          
          <TextLine ID="eSc_line_d41cedfe_a"
                    TAGREFS="LT11324"
                    BASELINE="160 3588 253 3603 323 3597" 
                    HPOS="158"
                    VPOS="3550"
                    WIDTH="165"
                    HEIGHT="81">
            <Shape><Polygon POINTS="180 3575 158 3583 160 3588 160 3631 323 3631 323 3550 210 3555 201 3575"/></Shape>
	    <String CONTENT="int"
                    HPOS="158"
                    VPOS="3550"
                    WIDTH="165"
                    HEIGHT="81"
                    WC="0.9943886597951254"></String>
          </TextLine>

          
          
          <TextLine ID="eSc_line_51fe9ccb_a"
                    TAGREFS="LT11324"
                    BASELINE="104 3659 324 3651" 
                    HPOS="101"
                    VPOS="3607"
                    WIDTH="223"
                    HEIGHT="102">
            <Shape><Polygon POINTS="104 3709 148 3708 324 3698 323 3615 232 3618 208 3607 206 3607 203 3607 101 3625 104 3659"/></Shape>
	    <String CONTENT="Rodibum"
                    HPOS="101"
                    VPOS="3607"
                    WIDTH="223"
                    HEIGHT="102"
                    WC="0.9824114101273673"></String>
          </TextLine>

          
          
          <TextLine ID="eSc_line_ff1e40e1"
                    TAGREFS="LT11324"
                    BASELINE="88 3575 206 3573" 
                    HPOS="86"
                    VPOS="3540"
                    WIDTH="120"
                    HEIGHT="63">
            <Shape><Polygon POINTS="88 3603 151 3601 154 3601 175 3588 197 3590 206 3592 206 3573 199 3540 86 3542 88 3575"/></Shape>
	    <String CONTENT="comsago"
                    HPOS="86"
                    VPOS="3540"
                    WIDTH="120"
                    HEIGHT="63"
                    WC="0.9030004356588636"></String>
          </TextLine>

          
          
          <TextLine ID="eSc_line_ae340eea_a"
                    TAGREFS="LT11324"
                    BASELINE="212 3483 238 3479 303 3481" 
                    HPOS="108"
                    VPOS="3449"
                    WIDTH="195"
                    HEIGHT="72">
            <Shape><Polygon POINTS="275 3451 273 3449 211 3454 212 3508 110 3515 108 3517 108 3521 303 3501 303 3481 299 3455 297 3451"/></Shape>
	    <String CONTENT="s"
                    HPOS="108"
                    VPOS="3449"
                    WIDTH="195"
                    HEIGHT="72"
                    WC="0.9527277946472168"></String>
          </TextLine>

          
        </TextBlock>
        
        <TextBlock HPOS="782"
                   VPOS="729"
                   WIDTH="186"
                   HEIGHT="51"
                   ID="r82"
                   TAGREFS="BT27323">
          <Shape><Polygon POINTS="798 735 782 780 878 774 968 776 959 729 902 738 849 739"/></Shape>
          
        </TextBlock>
        
        <TextBlock HPOS="125"
                   VPOS="1145"
                   WIDTH="352"
                   HEIGHT="314"
                   ID="r2"
                   TAGREFS="BT27326">
          <Shape><Polygon POINTS="134 1168 125 1459 477 1415 459 1145 222 1145"/></Shape>
          
        </TextBlock>
        
        <TextBlock HPOS="877"
                   VPOS="1176"
                   WIDTH="333"
                   HEIGHT="75"
                   ID="r36"
                   TAGREFS="BT27327">
          <Shape><Polygon POINTS="885 1194 877 1249 1004 1251 1198 1242 1210 1177 1144 1185 1031 1191 1010 1176 965 1189"/></Shape>
          
        </TextBlock>
        
        <TextBlock HPOS="1493"
                   VPOS="599"
                   WIDTH="184"
                   HEIGHT="60"
                   ID="r13"
                   TAGREFS="BT27323">
          <Shape><Polygon POINTS="1499 606 1493 659 1558 649 1606 642 1666 649 1677 603 1591 599 1534 603"/></Shape>
          
        </TextBlock>
        
        <TextBlock HPOS="1317"
                   VPOS="1060"
                   WIDTH="214"
                   HEIGHT="62"
                   ID="r28"
                   TAGREFS="BT27323">
          <Shape><Polygon POINTS="1317 1064 1321 1117 1455 1122 1531 1107 1519 1073 1400 1071 1364 1060"/></Shape>
          
        </TextBlock>
        
        <TextBlock HPOS="1282"
                   VPOS="1105"
                   WIDTH="355"
                   HEIGHT="83"
                   ID="r33"
                   TAGREFS="BT27323">
          <Shape><Polygon POINTS="1287 1115 1282 1182 1593 1188 1637 1105 1598 1105 1557 1108 1512 1120 1440 1126 1383 1121 1338 1119"/></Shape>
          
        </TextBlock>
        
        <TextBlock HPOS="1611"
                   VPOS="685"
                   WIDTH="344"
                   HEIGHT="49"
                   ID="r17"
                   TAGREFS="BT27327">
          <Shape><Polygon POINTS="1611 693 1614 734 1690 731 1819 718 1951 721 1955 685 1887 691 1859 695 1825 687 1789 690 1746 694 1707 697 1653 697"/></Shape>
          
        </TextBlock>
        
        <TextBlock HPOS="1096"
                   VPOS="1397"
                   WIDTH="642"
                   HEIGHT="99"
                   ID="r45"
                   TAGREFS="BT27323">
          <Shape><Polygon POINTS="1098 1443 1096 1496 1271 1496 1632 1486 1738 1479 1724 1398 1560 1397 1325 1417 1110 1430"/></Shape>
          
        </TextBlock>
        
        <TextBlock HPOS="929"
                   VPOS="1621"
                   WIDTH="79"
                   HEIGHT="73"
                   ID="r56"
                   TAGREFS="BT27323">
          <Shape><Polygon POINTS="934 1621 929 1687 993 1694 1008 1623 947 1622"/></Shape>
          
        </TextBlock>
        
        <TextBlock HPOS="1852"
                   VPOS="480"
                   WIDTH="580"
                   HEIGHT="76"
                   ID="r80"
                   TAGREFS="BT27327">
          <Shape><Polygon POINTS="1852 510 1855 556 1952 555 2090 555 2257 548 2432 548 2418 481 2305 480 2207 483 2052 486 1952 490 1865 498"/></Shape>
          
        </TextBlock>
        
        <TextBlock HPOS="1217"
                   VPOS="1577"
                   WIDTH="159"
                   HEIGHT="54"
                   ID="r52"
                   TAGREFS="BT27323">
          <Shape><Polygon POINTS="1217 1591 1220 1631 1375 1624 1376 1577 1298 1578 1286 1601 1237 1596"/></Shape>
          
        </TextBlock>
        
        <TextBlock HPOS="1043"
                   VPOS="1937"
                   WIDTH="398"
                   HEIGHT="83"
                   ID="r61"
                   TAGREFS="BT27323">
          <Shape><Polygon POINTS="1043 1968 1044 2010 1102 2020 1173 2017 1258 2020 1405 2006 1441 1965 1434 1937 1349 1946 1274 1951 1169 1951 1112 1951 1065 1953"/></Shape>
          
        </TextBlock>
        
        <TextBlock HPOS="92"
                   VPOS="2572"
                   WIDTH="362"
                   HEIGHT="394"
                   ID="r3"
                   TAGREFS="BT27326">
          <Shape><Polygon POINTS="106 2579 92 2906 328 2966 454 2850 388 2572 129 2581"/></Shape>
          
        </TextBlock>
        
        <TextBlock HPOS="1329"
                   VPOS="2187"
                   WIDTH="483"
                   HEIGHT="95"
                   ID="r65"
                   TAGREFS="BT27327">
          <Shape><Polygon POINTS="1333 2211 1329 2282 1449 2275 1664 2260 1747 2258 1812 2187 1695 2198 1538 2201 1453 2196"/></Shape>
          
        </TextBlock>
        
        <TextBlock HPOS="1133"
                   VPOS="2391"
                   WIDTH="390"
                   HEIGHT="78"
                   ID="r69"
                   TAGREFS="BT27327">
          <Shape><Polygon POINTS="1133 2402 1133 2469 1340 2464 1523 2455 1511 2391 1303 2394"/></Shape>
          
        </TextBlock>
        
        <TextBlock HPOS="570"
                   VPOS="2691"
                   WIDTH="546"
                   HEIGHT="75"
                   ID="r73"
                   TAGREFS="BT27323">
          <Shape><Polygon POINTS="570 2697 574 2762 732 2766 965 2750 1108 2739 1116 2691 993 2700 804 2697 619 2694"/></Shape>
          
        </TextBlock>
        
        <TextBlock HPOS="111"
                   VPOS="3075"
                   WIDTH="168"
                   HEIGHT="172"
                   ID="r4"
                   TAGREFS="BT27324">
          <Shape><Polygon POINTS="111 3088 118 3247 279 3231 275 3075"/></Shape>
          
        </TextBlock>
        
        <TextBlock HPOS="102"
                   VPOS="3225"
                   WIDTH="232"
                   HEIGHT="222"
                   ID="r5"
                   TAGREFS="BT27324">
          <Shape><Polygon POINTS="102 3247 102 3440 297 3447 334 3225 200 3238"/></Shape>
          
        </TextBlock>
        
        <TextBlock HPOS="758"
                   VPOS="1082"
                   WIDTH="245"
                   HEIGHT="58"
                   ID="r30"
                   TAGREFS="BT27323">
          <Shape><Polygon POINTS="758 1100 759 1140 1003 1134 998 1082 891 1082 794 1092"/></Shape>
          
        </TextBlock>
        
        <TextBlock HPOS="615"
                   VPOS="1140"
                   WIDTH="273"
                   HEIGHT="73"
                   ID="r31"
                   TAGREFS="BT27323">
          <Shape><Polygon POINTS="615 1150 628 1213 751 1211 878 1198 888 1140 883 1140 774 1147 629 1149"/></Shape>
          
        </TextBlock>
        
        <TextBlock HPOS="1014"
                   VPOS="1124"
                   WIDTH="163"
                   HEIGHT="62"
                   ID="r32"
                   TAGREFS="BT27323">
          <Shape><Polygon POINTS="1014 1131 1023 1186 1171 1179 1177 1124"/></Shape>
          
        </TextBlock>
        
        <TextBlock HPOS="1697"
                   VPOS="1119"
                   WIDTH="81"
                   HEIGHT="55"
                   ID="r34"
                   TAGREFS="BT27327">
          <Shape><Polygon POINTS="1701 1119 1697 1168 1773 1174 1778 1119"/></Shape>
          
        </TextBlock>
        
        <TextBlock HPOS="1784"
                   VPOS="1101"
                   WIDTH="275"
                   HEIGHT="72"
                   ID="r35"
                   TAGREFS="BT27323">
          <Shape><Polygon POINTS="1789 1115 1784 1173 2059 1169 2059 1106 1973 1101 1886 1103"/></Shape>
          
        </TextBlock>
        
        <TextBlock HPOS="731"
                   VPOS="1249"
                   WIDTH="95"
                   HEIGHT="67"
                   ID="r37"
                   TAGREFS="BT27323">
          <Shape><Polygon POINTS="739 1253 731 1316 817 1312 826 1249"/></Shape>
          
        </TextBlock>
        
        <TextBlock HPOS="1746"
                   VPOS="1253"
                   WIDTH="79"
                   HEIGHT="68"
                   ID="r38"
                   TAGREFS="BT27323">
          <Shape><Polygon POINTS="1746 1260 1749 1320 1825 1321 1825 1253"/></Shape>
          
        </TextBlock>
        
        <TextBlock HPOS="1403"
                   VPOS="1269"
                   WIDTH="217"
                   HEIGHT="73"
                   ID="r39"
                   TAGREFS="BT27323">
          <Shape><Polygon POINTS="1404 1271 1403 1341 1603 1342 1620 1269"/></Shape>
          
        </TextBlock>
        
        <TextBlock HPOS="1548"
                   VPOS="1328"
                   WIDTH="560"
                   HEIGHT="76"
                   ID="r40"
                   TAGREFS="BT27323">
          <Shape><Polygon POINTS="1548 1346 1548 1402 1688 1404 1874 1400 1958 1392 2096 1395 2108 1329 2017 1328 1883 1333 1810 1329 1687 1333 1624 1334 1584 1342"/></Shape>
          
        </TextBlock>
        
        <TextBlock HPOS="1857"
                   VPOS="1386"
                   WIDTH="596"
                   HEIGHT="88"
                   ID="r41"
                   TAGREFS="BT27323">
          <Shape><Polygon POINTS="1857 1396 1859 1464 2005 1474 2257 1465 2430 1464 2453 1453 2448 1386 2223 1393 2035 1398 1917 1397"/></Shape>
          
        </TextBlock>
        
        <TextBlock HPOS="524"
                   VPOS="1359"
                   WIDTH="492"
                   HEIGHT="98"
                   ID="r42"
                   TAGREFS="BT27327">
          <Shape><Polygon POINTS="524 1387 526 1457 700 1453 883 1431 1016 1433 977 1359 702 1371 583 1379"/></Shape>
          
        </TextBlock>
        
        <TextBlock HPOS="469"
                   VPOS="1450"
                   WIDTH="219"
                   HEIGHT="70"
                   ID="r43"
                   TAGREFS="BT27323">
          <Shape><Polygon POINTS="469 1450 469 1519 556 1520 688 1507 686 1457 577 1458"/></Shape>
          
        </TextBlock>
        
        <TextBlock HPOS="692"
                   VPOS="1435"
                   WIDTH="215"
                   HEIGHT="76"
                   ID="r44"
                   TAGREFS="BT27327">
          <Shape><Polygon POINTS="695 1459 692 1511 831 1511 907 1505 903 1435 811 1438"/></Shape>
          
        </TextBlock>
        
        <TextBlock HPOS="1096"
                   VPOS="1347"
                   WIDTH="278"
                   HEIGHT="82"
                   ID="r46"
                   TAGREFS="BT27323">
          <Shape><Polygon POINTS="1101 1359 1096 1429 1179 1420 1235 1423 1326 1416 1370 1405 1374 1347 1283 1348 1159 1352"/></Shape>
          
        </TextBlock>
        
        <TextBlock HPOS="1449"
                   VPOS="1476"
                   WIDTH="362"
                   HEIGHT="84"
                   ID="r47"
                   TAGREFS="BT27323">
          <Shape><Polygon POINTS="1455 1491 1449 1560 1811 1556 1806 1476 1677 1483 1565 1486"/></Shape>
          
        </TextBlock>
        
        <TextBlock HPOS="1983"
                   VPOS="1470"
                   WIDTH="400"
                   HEIGHT="72"
                   ID="r48"
                   TAGREFS="BT27323">
          <Shape><Polygon POINTS="1989 1485 1983 1542 2037 1535 2114 1532 2357 1530 2383 1470 2301 1471 2087 1475"/></Shape>
          
        </TextBlock>
        
        <TextBlock HPOS="667"
                   VPOS="1511"
                   WIDTH="226"
                   HEIGHT="69"
                   ID="r49"
                   TAGREFS="BT27327">
          <Shape><Polygon POINTS="673 1519 667 1580 840 1578 893 1566 868 1511 751 1517 684 1519"/></Shape>
          
        </TextBlock>
        
        <TextBlock HPOS="891"
                   VPOS="1497"
                   WIDTH="447"
                   HEIGHT="73"
                   ID="r50"
                   TAGREFS="BT27323">
          <Shape><Polygon POINTS="891 1514 891 1569 1012 1569 1151 1566 1328 1570 1338 1497 1204 1503 995 1503"/></Shape>
          
        </TextBlock>
        
        <TextBlock HPOS="831"
                   VPOS="1568"
                   WIDTH="203"
                   HEIGHT="57"
                   ID="r51"
                   TAGREFS="BT27327">
          <Shape><Polygon POINTS="834 1573 831 1623 933 1625 1030 1619 1034 1568 935 1569 875 1569"/></Shape>
          
        </TextBlock>
        
        <TextBlock HPOS="1558"
                   VPOS="1560"
                   WIDTH="93"
                   HEIGHT="68"
                   ID="r53"
                   TAGREFS="BT27323">
          <Shape><Polygon POINTS="1558 1568 1558 1628 1651 1625 1648 1560"/></Shape>
          
        </TextBlock>
        
        <TextBlock HPOS="1858"
                   VPOS="1535"
                   WIDTH="276"
                   HEIGHT="88"
                   ID="r54"
                   TAGREFS="BT27323">
          <Shape><Polygon POINTS="1858 1565 1859 1623 2035 1611 2094 1579 2134 1539 2120 1535 2071 1535 2040 1535 1969 1555"/></Shape>
          
        </TextBlock>
        
        <TextBlock HPOS="477"
                   VPOS="1616"
                   WIDTH="451"
                   HEIGHT="91"
                   ID="r55"
                   TAGREFS="BT27327">
          <Shape><Polygon POINTS="477 1622 478 1688 548 1701 641 1703 716 1700 807 1707 885 1698 913 1696 928 1631 926 1621 856 1622 776 1628 716 1637 616 1639 550 1640 506 1616"/></Shape>
          
        </TextBlock>
        
        <TextBlock HPOS="1010"
                   VPOS="1607"
                   WIDTH="460"
                   HEIGHT="118"
                   ID="r57"
                   TAGREFS="BT27323">
          <Shape><Polygon POINTS="1021 1607 1010 1705 1117 1702 1221 1725 1303 1710 1470 1705 1464 1633 1346 1630 1278 1640 1233 1651 1149 1638 1122 1634 1066 1629"/></Shape>
          
        </TextBlock>
        
        <TextBlock HPOS="1942"
                   VPOS="1658"
                   WIDTH="177"
                   HEIGHT="65"
                   ID="r58"
                   TAGREFS="BT27323">
          <Shape><Polygon POINTS="1951 1658 1942 1723 2114 1717 2119 1662 1962 1659"/></Shape>
          
        </TextBlock>
        
        <TextBlock HPOS="2008"
                   VPOS="1723"
                   WIDTH="207"
                   HEIGHT="54"
                   ID="r59"
                   TAGREFS="BT27323">
          <Shape><Polygon POINTS="2010 1729 2008 1777 2208 1774 2215 1723 2094 1725"/></Shape>
          
        </TextBlock>
        
        <TextBlock HPOS="1861"
                   VPOS="1944"
                   WIDTH="290"
                   HEIGHT="85"
                   ID="r60"
                   TAGREFS="BT27323">
          <Shape><Polygon POINTS="1861 1958 1862 2003 1941 2010 2005 2029 2147 2024 2151 1944 2041 1951 1960 1958"/></Shape>
          
        </TextBlock>
        
        <TextBlock HPOS="586"
                   VPOS="2111"
                   WIDTH="246"
                   HEIGHT="87"
                   ID="r62"
                   TAGREFS="BT27327">
          <Shape><Polygon POINTS="591 2120 586 2198 826 2162 832 2111"/></Shape>
          
        </TextBlock>
        
        <TextBlock HPOS="584"
                   VPOS="2233"
                   WIDTH="176"
                   HEIGHT="78"
                   ID="r63"
                   TAGREFS="BT27323">
          <Shape><Polygon POINTS="584 2241 584 2311 747 2307 760 2233"/></Shape>
          
        </TextBlock>
        
        <TextBlock HPOS="903"
                   VPOS="2213"
                   WIDTH="334"
                   HEIGHT="98"
                   ID="r64"
                   TAGREFS="BT27327">
          <Shape><Polygon POINTS="912 2217 903 2311 1031 2311 1223 2288 1237 2216 1057 2213"/></Shape>
          
        </TextBlock>
        
        <TextBlock HPOS="1710"
                   VPOS="2105"
                   WIDTH="129"
                   HEIGHT="63"
                   ID="r66"
                   TAGREFS="BT27323">
          <Shape><Polygon POINTS="1712 2117 1710 2168 1839 2167 1839 2105"/></Shape>
          
        </TextBlock>
        
        <TextBlock HPOS="1621"
                   VPOS="1939"
                   WIDTH="80"
                   HEIGHT="92"
                   ID="r67"
                   TAGREFS="BT27327">
          <Shape><Polygon POINTS="1626 1947 1621 2031 1701 2023 1698 1939"/></Shape>
          
        </TextBlock>
        
        <TextBlock HPOS="805"
                   VPOS="2476"
                   WIDTH="116"
                   HEIGHT="56"
                   ID="r68"
                   TAGREFS="BT27323">
          <Shape><Polygon POINTS="805 2479 810 2524 921 2532 917 2476"/></Shape>
          
        </TextBlock>
        
        <TextBlock HPOS="1682"
                   VPOS="2593"
                   WIDTH="270"
                   HEIGHT="84"
                   ID="r70"
                   TAGREFS="BT27323">
          <Shape><Polygon POINTS="1684 2598 1682 2675 1800 2677 1877 2673 1941 2660 1952 2600 1888 2603 1813 2602 1740 2593"/></Shape>
          
        </TextBlock>
        
        <TextBlock HPOS="2023"
                   VPOS="2583"
                   WIDTH="289"
                   HEIGHT="83"
                   ID="r71"
                   TAGREFS="BT27323">
          <Shape><Polygon POINTS="2029 2585 2023 2666 2311 2655 2312 2584 2194 2583 2041 2584"/></Shape>
          
        </TextBlock>
        
        <TextBlock HPOS="1026"
                   VPOS="2603"
                   WIDTH="382"
                   HEIGHT="98"
                   ID="r72"
                   TAGREFS="BT27323">
          <Shape><Polygon POINTS="1026 2638 1032 2701 1408 2670 1405 2603 1340 2615 1269 2630 1185 2622 1114 2622"/></Shape>
          
        </TextBlock>
        
        <TextBlock HPOS="1650"
                   VPOS="3531"
                   WIDTH="332"
                   HEIGHT="77"
                   ID="r74"
                   TAGREFS="BT27327">
          <Shape><Polygon POINTS="1665 3561 1650 3608 1968 3600 1982 3531 1868 3546 1766 3556 1716 3565"/></Shape>
          
        </TextBlock>
        
        <TextBlock HPOS="1073"
                   VPOS="3583"
                   WIDTH="141"
                   HEIGHT="73"
                   ID="r75"
                   TAGREFS="BT27327">
          <Shape><Polygon POINTS="1079 3584 1073 3656 1208 3643 1214 3583"/></Shape>
          
        </TextBlock>
        
        <TextBlock HPOS="877"
                   VPOS="3457"
                   WIDTH="1105"
                   HEIGHT="138"
                   ID="r76"
                   TAGREFS="BT27327">
          <Shape><Polygon POINTS="885 3519 877 3595 1017 3587 1146 3579 1314 3578 1471 3556 1550 3549 1664 3561 1982 3526 1960 3457 1567 3486 1414 3496 1017 3513"/></Shape>
          
        </TextBlock>
        
        <TextBlock HPOS="2068"
                   VPOS="864"
                   WIDTH="48"
                   HEIGHT="55"
                   ID="r78"
                   TAGREFS="BT27323">
          <Shape><Polygon POINTS="2069 870 2068 911 2114 919 2116 864"/></Shape>
          
        </TextBlock>
        
        <TextBlock HPOS="2131"
                   VPOS="803"
                   WIDTH="40"
                   HEIGHT="74"
                   ID="r79"
                   TAGREFS="BT27323">
          <Shape><Polygon POINTS="2131 810 2134 877 2169 877 2171 803"/></Shape>
          
        </TextBlock>
        
        <TextBlock HPOS="1165"
                   VPOS="660"
                   WIDTH="367"
                   HEIGHT="65"
                   ID="r81"
                   TAGREFS="BT27327">
          <Shape><Polygon POINTS="1165 670 1170 718 1225 725 1305 718 1347 710 1427 706 1448 698 1497 698 1515 701 1532 665 1495 660 1423 661 1362 665 1308 678 1265 663"/></Shape>
          
        </TextBlock>
        
        <TextBlock HPOS="1171"
                   VPOS="2458"
                   WIDTH="171"
                   HEIGHT="74"
                   ID="r84"
                   TAGREFS="BT27323">
          <Shape><Polygon POINTS="1171 2471 1181 2532 1333 2509 1342 2458 1302 2461 1259 2465 1202 2468"/></Shape>
          
        </TextBlock>
        
        <TextBlock HPOS="2238"
                   VPOS="2423"
                   WIDTH="70"
                   HEIGHT="61"
                   ID="r85"
                   TAGREFS="BT27323">
          <Shape><Polygon POINTS="2238 2423 2240 2484 2308 2479 2308 2426"/></Shape>
          
        </TextBlock>
        
        <TextBlock HPOS="2095"
                   VPOS="2470"
                   WIDTH="65"
                   HEIGHT="57"
                   ID="r86"
                   TAGREFS="BT27323">
          <Shape><Polygon POINTS="2095 2481 2098 2527 2122 2527 2160 2509 2152 2479 2129 2470"/></Shape>
          
        </TextBlock>
        
        <TextBlock HPOS="2225"
                   VPOS="3391"
                   WIDTH="109"
                   HEIGHT="62"
                   ID="r87"
                   TAGREFS="BT27327">
          <Shape><Polygon POINTS="2225 3391 2230 3453 2317 3448 2334 3395"/></Shape>
          
        </TextBlock>
        
        <TextBlock HPOS="97"
                   VPOS="3449"
                   WIDTH="107"
                   HEIGHT="65"
                   ID="r6"
                   TAGREFS="BT27327">
          <Shape><Polygon POINTS="98 3451 97 3513 177 3514 204 3459 148 3449"/></Shape>
          
        </TextBlock>
        
        <TextBlock HPOS="1047"
                   VPOS="378"
                   WIDTH="64"
                   HEIGHT="51"
                   ID="r7"
                   TAGREFS="BT27327">
          <Shape><Polygon POINTS="1047 385 1051 429 1110 423 1111 378"/></Shape>
          
        </TextBlock>
        
        <TextBlock HPOS="1393"
                   VPOS="498"
                   WIDTH="130"
                   HEIGHT="73"
                   ID="r8"
                   TAGREFS="BT27327">
          <Shape><Polygon POINTS="1394 517 1393 571 1523 566 1518 498"/></Shape>
          
        </TextBlock>
        
        <TextBlock HPOS="1274"
                   VPOS="561"
                   WIDTH="200"
                   HEIGHT="68"
                   ID="r9"
                   TAGREFS="BT27327">
          <Shape><Polygon POINTS="1279 561 1274 629 1474 607 1474 569 1410 565"/></Shape>
          
        </TextBlock>
        
        <TextBlock HPOS="442"
                   VPOS="670"
                   WIDTH="81"
                   HEIGHT="59"
                   ID="r10"
                   TAGREFS="BT27327">
          <Shape><Polygon POINTS="450 685 442 721 521 729 523 670"/></Shape>
          
        </TextBlock>
        
        <TextBlock HPOS="706"
                   VPOS="639"
                   WIDTH="60"
                   HEIGHT="87"
                   ID="r11"
                   TAGREFS="BT27327">
          <Shape><Polygon POINTS="706 650 706 726 766 719 763 639"/></Shape>
          
        </TextBlock>
        
        <TextBlock HPOS="1566"
                   VPOS="647"
                   WIDTH="237"
                   HEIGHT="52"
                   ID="r12"
                   TAGREFS="BT27323">
          <Shape><Polygon POINTS="1569 647 1566 691 1634 699 1722 695 1781 686 1802 687 1803 657 1710 658 1650 647"/></Shape>
          
        </TextBlock>
        
        <TextBlock HPOS="1513"
                   VPOS="553"
                   WIDTH="201"
                   HEIGHT="52"
                   ID="r14"
                   TAGREFS="BT27323">
          <Shape><Polygon POINTS="1517 558 1513 599 1563 605 1643 599 1714 585 1702 553 1586 558 1530 561"/></Shape>
          
        </TextBlock>
        
        <TextBlock HPOS="1797"
                   VPOS="554"
                   WIDTH="221"
                   HEIGHT="39"
                   ID="r15"
                   TAGREFS="BT27323">
          <Shape><Polygon POINTS="1802 555 1797 593 2018 591 2017 558 1958 554 1879 555"/></Shape>
          
        </TextBlock>
        
        <TextBlock HPOS="1982"
                   VPOS="627"
                   WIDTH="132"
                   HEIGHT="50"
                   ID="r16"
                   TAGREFS="BT27323">
          <Shape><Polygon POINTS="1986 631 1982 677 2114 663 2113 627"/></Shape>
          
        </TextBlock>
        
        <TextBlock HPOS="1091"
                   VPOS="712"
                   WIDTH="116"
                   HEIGHT="42"
                   ID="r18"
                   TAGREFS="BT27323">
          <Shape><Polygon POINTS="1091 713 1092 754 1207 750 1207 713 1157 712"/></Shape>
          
        </TextBlock>
        
        <TextBlock HPOS="1297"
                   VPOS="695"
                   WIDTH="216"
                   HEIGHT="51"
                   ID="r19"
                   TAGREFS="BT27323">
          <Shape><Polygon POINTS="1297 712 1301 746 1349 746 1429 735 1506 741 1513 713 1499 708 1465 704 1452 695 1445 695 1439 703 1410 712 1380 710 1347 710"/></Shape>
          
        </TextBlock>
        
        <TextBlock HPOS="1707"
                   VPOS="920"
                   WIDTH="197"
                   HEIGHT="77"
                   ID="r20"
                   TAGREFS="BT27323">
          <Shape><Polygon POINTS="1707 925 1707 994 1893 997 1904 925 1853 920 1765 921"/></Shape>
          
        </TextBlock>
        
        <TextBlock HPOS="1366"
                   VPOS="837"
                   WIDTH="71"
                   HEIGHT="74"
                   ID="r21"
                   TAGREFS="BT27327">
          <Shape><Polygon POINTS="1368 847 1366 911 1437 904 1437 837"/></Shape>
          
        </TextBlock>
        
        <TextBlock HPOS="638"
                   VPOS="986"
                   WIDTH="141"
                   HEIGHT="48"
                   ID="r22"
                   TAGREFS="BT27323">
          <Shape><Polygon POINTS="638 989 638 1034 773 1031 779 986"/></Shape>
          
        </TextBlock>
        
        <TextBlock HPOS="997"
                   VPOS="964"
                   WIDTH="101"
                   HEIGHT="67"
                   ID="r23"
                   TAGREFS="BT27323">
          <Shape><Polygon POINTS="997 974 998 1031 1092 1029 1098 964"/></Shape>
          
        </TextBlock>
        
        <TextBlock HPOS="884"
                   VPOS="969"
                   WIDTH="93"
                   HEIGHT="74"
                   ID="r24"
                   TAGREFS="BT27327">
          <Shape><Polygon POINTS="889 974 884 1043 977 1038 970 969"/></Shape>
          
        </TextBlock>
        
        <TextBlock HPOS="1389"
                   VPOS="1004"
                   WIDTH="200"
                   HEIGHT="63"
                   ID="r25"
                   TAGREFS="BT27327">
          <Shape><Polygon POINTS="1389 1004 1398 1067 1589 1065 1582 1004"/></Shape>
          
        </TextBlock>
        
        <TextBlock HPOS="1923"
                   VPOS="997"
                   WIDTH="119"
                   HEIGHT="55"
                   ID="r26"
                   TAGREFS="BT27323">
          <Shape><Polygon POINTS="1934 997 1923 1052 2042 1050 2041 998"/></Shape>
          
        </TextBlock>
        
        <TextBlock HPOS="2015"
                   VPOS="1016"
                   WIDTH="370"
                   HEIGHT="70"
                   ID="r27"
                   TAGREFS="BT27323">
          <Shape><Polygon POINTS="2015 1043 2019 1086 2385 1078 2382 1022 2210 1016 2087 1037 2037 1047"/></Shape>
          
        </TextBlock>
        
        <TextBlock HPOS="45"
                   VPOS="247"
                   WIDTH="312"
                   HEIGHT="266"
                   ID="r0"
                   TAGREFS="BT27326">
          <Shape><Polygon POINTS="45 265 45 513 357 493 345 247"/></Shape>
          
        </TextBlock>
        
        <TextBlock HPOS="1634"
                   VPOS="1057"
                   WIDTH="236"
                   HEIGHT="60"
                   ID="r29"
                   TAGREFS="BT27323">
          <Shape><Polygon POINTS="1637 1059 1634 1101 1724 1117 1870 1104 1861 1060 1768 1057 1708 1062"/></Shape>
          
        </TextBlock>
        
        <TextBlock HPOS="75"
                   VPOS="745"
                   WIDTH="384"
                   HEIGHT="334"
                   ID="r1"
                   TAGREFS="BT27326">
          <Shape><Polygon POINTS="75 752 91 1079 459 1029 413 745"/></Shape>
          
        </TextBlock>
        

        
      </PrintSpace>
    </Page>
  </Layout>
</alto>
