<?xml version="1.0" encoding="UTF-8"?>
<alto xmlns:xsi="http://www.w3.org/2001/XMLSchema-instance"
      xmlns="http://www.loc.gov/standards/alto/ns-v4#"
      xsi:schemaLocation="http://www.loc.gov/standards/alto/ns-v4# http://www.loc.gov/standards/alto/v4/alto-4-2.xsd">
  <Description>
    <MeasurementUnit>pixel</MeasurementUnit>
    <sourceImageInformation>
      <fileName>LH_35_12_1_0058r.jpg</fileName>
      
    </sourceImageInformation>
  </Description>
  
  <Tags>
    <OtherTag ID="BT16575" LABEL="MarginTextZone" DESCRIPTION="block type MarginTextZone"/><OtherTag ID="BT16576" LABEL="DamageZone" DESCRIPTION="block type DamageZone"/><OtherTag ID="BT16577" LABEL="DigitizationArtefactZone" DESCRIPTION="block type DigitizationArtefactZone"/><OtherTag ID="BT16578" LABEL="DropCapitalZone" DESCRIPTION="block type DropCapitalZone"/><OtherTag ID="BT16579" LABEL="GraphicZone" DESCRIPTION="block type GraphicZone"/><OtherTag ID="BT16581" LABEL="NumberingZone" DESCRIPTION="block type NumberingZone"/><OtherTag ID="BT16582" LABEL="QuireMarksZone" DESCRIPTION="block type QuireMarksZone"/><OtherTag ID="BT16583" LABEL="RunningTitleZone" DESCRIPTION="block type RunningTitleZone"/><OtherTag ID="BT16584" LABEL="SealZone" DESCRIPTION="block type SealZone"/><OtherTag ID="BT16585" LABEL="StampZone" DESCRIPTION="block type StampZone"/><OtherTag ID="BT27322" LABEL="text" DESCRIPTION="block type text"/><OtherTag ID="BT27323" LABEL="GraphicZone-formula-inline" DESCRIPTION="block type GraphicZone-formula-inline"/><OtherTag ID="BT27324" LABEL="GraphicZone-formula-complex" DESCRIPTION="block type GraphicZone-formula-complex"/><OtherTag ID="BT27325" LABEL="MainZone" DESCRIPTION="block type MainZone"/><OtherTag ID="BT27326" LABEL="GraphicZone-figure" DESCRIPTION="block type GraphicZone-figure"/><OtherTag ID="BT27327" LABEL="GraphicZone-formula-strikethrough" DESCRIPTION="block type GraphicZone-formula-strikethrough"/>
    <OtherTag ID="LT6926" LABEL="DefaultLine" DESCRIPTION="line type DefaultLine"/><OtherTag ID="LT6927" LABEL="HeadingLine" DESCRIPTION="line type HeadingLine"/><OtherTag ID="LT6928" LABEL="InterlinearLine" DESCRIPTION="line type InterlinearLine"/><OtherTag ID="LT11324" LABEL="default" DESCRIPTION="line type default"/>
  </Tags>
  
  <Layout>
    <Page WIDTH="2768"
          HEIGHT="4467"
          PHYSICAL_IMG_NR="232"
          ID="eSc_dummypage_">
      <PrintSpace HPOS="0"
                  VPOS="0"
                  WIDTH="2768"
                  HEIGHT="4467">
        
        <TextBlock HPOS="361"
                   VPOS="731"
                   WIDTH="2033"
                   HEIGHT="1996"
                   ID="r5"
                   TAGREFS="BT27325">
          <Shape><Polygon POINTS="2245 751 2325 830 2383 1268 2394 1456 2392 1821 2354 2476 2099 2545 2027 2537 1728 2574 1694 2623 1188 2654 848 2700 813 2718 660 2716 369 2727 361 2652 421 2633 543 2634 684 2610 685 2566 711 2177 709 2118 717 1945 720 1885 732 1567 689 1404 681 1068 709 890 887 853 934 772 1855 731"/></Shape>
          
          
          <TextLine ID="eSc_line_d2ad6cd8"
                    TAGREFS="LT11324"
                    BASELINE="1849 779 2005 774" 
                    HPOS="1846"
                    VPOS="754"
                    WIDTH="159"
                    HEIGHT="50">
            <Shape><Polygon POINTS="1971 754 1946 754 1921 756 1896 756 1871 759 1846 759 1849 779 1849 799 2003 804 2005 774 2000 754 1995 754"/></Shape>
	    <String CONTENT="trovan"
                    HPOS="1846"
                    VPOS="754"
                    WIDTH="159"
                    HEIGHT="50"
                    WC="0.99909641345342"></String>
          </TextLine>

          
          
          <TextLine ID="eSc_line_b27ab772"
                    TAGREFS="LT11324"
                    BASELINE="928 846 2261 809" 
                    HPOS="925"
                    VPOS="764"
                    WIDTH="1336"
                    HEIGHT="119">
            <Shape><Polygon POINTS="2087 779 2025 764 2023 764 2020 764 2018 764 2015 764 1986 786 1884 786 1727 771 1725 771 1722 771 1683 791 1576 781 1573 781 1276 804 1104 789 1102 789 945 811 925 836 928 846 928 873 983 878 985 878 988 878 997 873 1020 861 1042 873 1062 883 1064 883 1067 883 1069 883 1072 883 1072 880 1082 873 1092 861 1124 871 1161 883 1164 883 1166 883 1169 883 1196 871 1226 856 1246 871 1258 878 1261 878 1263 878 1266 880 1325 880 1325 878 1328 878 1330 878 1330 876 1340 868 1348 863 1352 868 1365 878 1367 878 1370 878 1372 878 1375 878 1377 878 1392 868 1412 856 1432 866 1449 876 1452 876 1454 876 1457 876 1484 866 1536 846 1638 843 1678 843 1700 861 1700 863 1703 863 1705 863 1707 863 1720 863 1842 843 1881 861 1884 861 1886 861 1889 861 1891 861 1894 861 1926 836 1956 858 1956 861 1958 861 1961 861 1963 861 1995 858 2162 841 2259 853 2261 809 2254 779 2241 779"/></Shape>
	    <String CONTENT="in Plano Analysin Geometricam instituemus"
                    HPOS="925"
                    VPOS="764"
                    WIDTH="1336"
                    HEIGHT="119"
                    WC="0.9584860547286708"></String>
          </TextLine>

          
          
          <TextLine ID="eSc_line_f0409ea9"
                    TAGREFS="LT11324"
                    BASELINE="714 938 2077 878" 
                    HPOS="712"
                    VPOS="828"
                    WIDTH="1365"
                    HEIGHT="159">
            <Shape><Polygon POINTS="804 883 779 898 777 900 752 900 737 918 734 900 712 900 714 938 717 987 809 962 866 980 878 982 881 982 883 982 918 975 1020 955 1074 967 1102 972 1104 972 1107 972 1109 972 1122 965 1144 950 1328 952 1479 952 1482 952 1484 952 1487 952 1504 940 1516 933 1529 940 1531 943 1534 943 1536 943 1539 943 1568 938 1623 925 1645 933 1660 938 1663 938 1665 938 1668 938 1698 930 1703 928 1705 928 1720 943 1720 945 1722 945 1725 945 1727 945 1849 940 1851 940 1918 915 1931 910 2077 905 2077 878 2072 836 1971 846 1963 841 1951 831 1951 828 1948 828 1946 828 1943 828 1851 846 1822 851 1814 848 1792 836 1789 836 1787 836 1784 836 1782 836 1782 838 1770 851 1762 856 1745 851 1725 846 1722 846 1720 846 1717 846 1715 846 1715 848 1712 848 1710 853 1705 861 1583 866 1539 866 1536 861 1524 851 1524 848 1521 848 1519 848 1516 848 1362 866 1261 858 1258 858 1114 880 1084 885 1060 885 923 873 921 873 918 873 916 873 916 876 896 893 893 893 891 893 826 878 811 883"/></Shape>
	    <String CONTENT="facilias, donec paulatim ad solidum assurgatur"
                    HPOS="712"
                    VPOS="828"
                    WIDTH="1365"
                    HEIGHT="159"
                    WC="0.9963521387266077"></String>
          </TextLine>

          
          
          <TextLine ID="eSc_line_0a8fd47c"
                    TAGREFS="LT11324"
                    BASELINE="796 1034 1151 1002 2298 943" 
                    HPOS="791"
                    VPOS="895"
                    WIDTH="1507"
                    HEIGHT="174">
            <Shape><Polygon POINTS="2256 910 2229 905 2204 900 2187 895 2169 910 2169 913 2154 913 2102 913 2060 895 2058 895 2055 895 2053 895 1986 920 1916 903 1914 903 1911 903 1822 908 1819 908 1770 933 1663 918 1660 918 1658 918 1655 918 1628 940 1469 933 1467 933 1464 933 1462 933 1439 950 1385 933 1382 933 1380 933 1377 933 1328 952 1303 943 1300 943 1298 943 1295 943 1258 960 1119 957 1117 957 1114 957 1112 957 1112 960 1102 970 1064 950 1062 950 1060 950 985 955 983 955 980 955 980 957 965 970 824 970 821 970 819 970 816 970 791 982 796 1034 796 1069 930 1064 933 1064 935 1064 983 1037 1052 1037 1094 1052 1099 1054 1102 1054 1104 1054 1107 1054 1119 1052 1204 1024 1293 1022 1330 1037 1333 1037 1335 1037 1338 1037 1340 1037 1345 1037 1375 1022 1397 1032 1405 1034 1407 1034 1410 1034 1412 1034 1415 1034 1419 1029 1447 1015 1487 1027 1509 1032 1511 1032 1514 1032 1516 1032 1549 1022 1578 1012 1596 1019 1611 1024 1613 1024 1616 1024 1668 1015 1703 1007 1735 1010 1804 1015 1807 1015 1809 1015 1812 1015 1812 1012 1822 1002 1834 992 1884 1000 1928 1005 1931 1005 1933 1005 1936 1005 1951 995 1968 985 2000 992 2053 1002 2055 1002 2058 1002 2090 985 2105 977 2142 982 2187 987 2189 987 2298 970 2298 943 2293 913 2281 913"/></Shape>
	    <String CONTENT="clau in plano hoc tantum assumendam est, coincidere quae eadem"
                    HPOS="791"
                    VPOS="895"
                    WIDTH="1507"
                    HEIGHT="174"
                    WC="0.9753469132607983"></String>
          </TextLine>

          
          
          <TextLine ID="eSc_line_b9f2a963"
                    TAGREFS="LT11324"
                    BASELINE="727 1099 1258 1064" 
                    HPOS="722"
                    VPOS="1032"
                    WIDTH="536"
                    HEIGHT="102">
            <Shape><Polygon POINTS="727 1134 1146 1096 1256 1101 1258 1064 1253 1032 722 1057 727 1099"/></Shape>
	    <String CONTENT="peripheria continentur"
                    HPOS="722"
                    VPOS="1032"
                    WIDTH="536"
                    HEIGHT="102"
                    WC="0.9956751411611383"></String>
          </TextLine>

          
          
          <TextLine ID="eSc_line_a8dab7e5"
                    TAGREFS="LT11324"
                    BASELINE="863 1153 1593 1079 2318 1042" 
                    HPOS="858"
                    VPOS="987"
                    WIDTH="1460"
                    HEIGHT="196">
            <Shape><Polygon POINTS="863 1183 963 1178 965 1178 968 1178 988 1161 1002 1173 1005 1173 1007 1173 1010 1173 1042 1173 1117 1166 1119 1166 1122 1166 1122 1163 1124 1163 1134 1151 1211 1158 1221 1158 1223 1158 1243 1156 1395 1129 1464 1139 1477 1139 1479 1139 1482 1139 1489 1136 1546 1114 1621 1124 1638 1126 1640 1126 1643 1126 1660 1121 1737 1099 1876 1099 1879 1099 1963 1082 2003 1094 2013 1096 2015 1096 2018 1096 2020 1096 2038 1091 2095 1069 2318 1067 2318 1042 2313 1000 2221 987 2219 987 2216 987 2122 1012 2028 1002 2025 1002 2023 1002 2020 1002 1990 1022 1899 1012 1896 1012 1894 1012 1891 1012 1891 1015 1889 1015 1879 1027 1812 1024 1809 1024 1807 1024 1804 1024 1789 1037 1737 1024 1735 1024 1732 1024 1730 1024 1688 1044 1608 1034 1606 1034 1380 1052 1377 1052 1305 1074 1159 1074 1156 1074 928 1104 903 1094 901 1094 898 1094 896 1094 858 1106 863 1153"/></Shape>
	    <String CONTENT="Recta est sectio plani utrinque se habens eodem modo. Itaque si abuna"
                    HPOS="858"
                    VPOS="987"
                    WIDTH="1460"
                    HEIGHT="196"
                    WC="0.9875525072001029"></String>
          </TextLine>

          
          
          <TextLine ID="eSc_line_b060d5dc"
                    TAGREFS="LT11324"
                    BASELINE="712 1216 834 1181" 
                    HPOS="692"
                    VPOS="1129"
                    WIDTH="149"
                    HEIGHT="121">
            <Shape><Polygon POINTS="722 1250 809 1240 811 1240 814 1240 814 1238 836 1216 839 1208 841 1208 834 1181 814 1131 779 1141 774 1139 754 1129 752 1129 749 1129 747 1129 692 1153 712 1216"/></Shape>
	    <String CONTENT="sectioms"
                    HPOS="692"
                    VPOS="1129"
                    WIDTH="149"
                    HEIGHT="121"
                    WC="0.8629018664360046"></String>
          </TextLine>

          
          
          <TextLine ID="eSc_line_8c30144d"
                    TAGREFS="LT11324"
                    BASELINE="834 1213 2259 1119" 
                    HPOS="829"
                    VPOS="1067"
                    WIDTH="1430"
                    HEIGHT="188">
            <Shape><Polygon POINTS="841 1255 856 1235 923 1245 925 1245 928 1245 930 1245 950 1228 975 1245 978 1248 980 1248 983 1248 985 1248 1062 1243 1064 1243 1067 1243 1067 1240 1069 1240 1082 1228 1104 1235 1107 1235 1109 1235 1112 1235 1114 1235 1139 1213 1221 1211 1241 1225 1243 1225 1246 1225 1248 1225 1251 1225 1315 1206 1350 1220 1352 1220 1355 1220 1357 1220 1360 1220 1365 1218 1400 1198 1424 1213 1427 1213 1429 1213 1432 1213 1434 1213 1479 1196 1521 1208 1534 1211 1536 1211 1539 1211 1541 1211 1551 1206 1583 1188 1635 1201 1658 1203 1660 1203 1663 1203 1685 1196 1720 1186 1787 1188 1832 1191 1834 1191 1837 1191 1839 1191 1839 1188 1844 1186 1859 1168 1921 1181 1946 1183 1948 1183 1951 1183 1953 1183 1961 1176 1973 1171 2010 1173 2055 1176 2058 1176 2060 1176 2062 1176 2062 1173 2065 1173 2067 1168 2082 1151 2229 1144 2256 1156 2259 1119 2254 1082 2179 1067 2177 1067 2174 1067 2132 1086 2127 1089 2120 1086 2067 1074 2065 1074 2062 1074 2060 1074 2058 1074 2030 1091 2023 1096 2003 1094 1943 1084 1941 1084 1812 1104 1725 1116 1635 1114 1539 1109 1536 1109 1534 1109 1531 1109 1531 1111 1524 1119 1514 1129 1472 1121 1467 1121 1464 1121 1462 1121 1459 1121 1427 1136 1405 1124 1392 1119 1390 1119 1387 1119 1385 1119 1382 1119 1382 1121 1375 1126 1360 1139 1305 1129 1278 1126 1276 1126 1273 1126 1271 1126 1261 1131 1233 1149 1181 1136 1166 1134 1164 1134 1127 1139 970 1166 829 1156 834 1213"/></Shape>
	    <String CONTENT="parte sit punctum A, erit ab altera parte punctum B. eodem"
                    HPOS="829"
                    VPOS="1067"
                    WIDTH="1430"
                    HEIGHT="188"
                    WC="0.9848243563339628"></String>
          </TextLine>

          
          
          <TextLine ID="eSc_line_5ed23b9a"
                    TAGREFS="LT11324"
                    BASELINE="700 1275 1330 1248 2266 1176" 
                    HPOS="697"
                    VPOS="1136"
                    WIDTH="1569"
                    HEIGHT="171">
            <Shape><Polygon POINTS="697 1245 700 1275 700 1307 2266 1203 2266 1176 2261 1146 2122 1136 2120 1136 2117 1136 2033 1158 2008 1166 1901 1168 1894 1166 1864 1153 1861 1153 1859 1153 1856 1153 1854 1153 1829 1168 1819 1176 1784 1171 1715 1163 1712 1163 1710 1163 1707 1163 1685 1178 1670 1186 1631 1181 1573 1173 1571 1173 1568 1173 1524 1186 1484 1198 1432 1193 1412 1191 1410 1191 1365 1196 1221 1216 1204 1206 1194 1198 1191 1198 1189 1198 1186 1198 1127 1211 1035 1228 973 1218 948 1216 945 1216 943 1216 940 1216 935 1220 923 1230 908 1223 898 1218 896 1218 893 1218 891 1218 871 1223 829 1238 796 1228 786 1225 784 1225 781 1225 724 1230 722 1238"/></Shape>
	    <String CONTENT="mudus sehabens ad sectionem itaue recta est locus dorm punchorum"
                    HPOS="697"
                    VPOS="1136"
                    WIDTH="1569"
                    HEIGHT="171"
                    WC="0.967345823533833"></String>
          </TextLine>

          
          
          <TextLine ID="eSc_line_6bc2035c"
                    TAGREFS="LT11324"
                    BASELINE="705 1354 1519 1297 1710 1268 2139 1253 2313 1258" 
                    HPOS="700"
                    VPOS="1191"
                    WIDTH="1613"
                    HEIGHT="196">
            <Shape><Polygon POINTS="705 1387 878 1364 896 1377 898 1377 901 1377 903 1377 1216 1357 1218 1357 1223 1354 1258 1342 1333 1345 1335 1345 1338 1345 1340 1345 1340 1342 1355 1330 1429 1342 1444 1342 1447 1342 1449 1342 1457 1340 1491 1320 1504 1330 1506 1330 1509 1330 1511 1330 1688 1307 1710 1322 1712 1322 1715 1322 1717 1322 1720 1322 1725 1322 1770 1302 1839 1312 1854 1315 1856 1315 1879 1310 1968 1287 2120 1280 2172 1290 2197 1295 2199 1295 2201 1295 2219 1287 2249 1275 2311 1280 2313 1258 2308 1211 2241 1191 2239 1191 2236 1191 2082 1201 2080 1201 2077 1201 2035 1225 1976 1211 1973 1211 1971 1211 1968 1211 1966 1211 1966 1213 1948 1228 1745 1225 1742 1225 1740 1225 1673 1245 1670 1245 1668 1245 1571 1233 1568 1233 1506 1240 1504 1240 1501 1240 1501 1243 1487 1255 1479 1263 1467 1255 1439 1243 1437 1243 1434 1243 1432 1243 1395 1260 1370 1270 1345 1263 1338 1260 1335 1260 1333 1260 1330 1260 1320 1263 1293 1278 1087 1278 1084 1278 1082 1278 1057 1290 1017 1280 1015 1280 1012 1280 1005 1280 901 1300 863 1287 841 1280 839 1280 836 1280 700 1295 705 1354"/></Shape>
	    <String CONTENT="se eodem modo habentium ad det  plani punctum A et B nunct"
                    HPOS="700"
                    VPOS="1191"
                    WIDTH="1613"
                    HEIGHT="196"
                    WC="0.9158264465373138"></String>
          </TextLine>

          
          
          <TextLine ID="eSc_line_56de2992"
                    TAGREFS="LT11324"
                    BASELINE="816 1417 2281 1307" 
                    HPOS="811"
                    VPOS="1260"
                    WIDTH="1470"
                    HEIGHT="184">
            <Shape><Polygon POINTS="940 1444 943 1444 1154 1417 1251 1404 1276 1409 1318 1417 1320 1417 1323 1417 1375 1402 1390 1399 1437 1399 1549 1399 1551 1399 1554 1399 1586 1389 1626 1377 1653 1384 1668 1389 1670 1389 1673 1389 1712 1382 1789 1364 1884 1369 1916 1372 1918 1372 1961 1367 2117 1340 2137 1352 2139 1352 2142 1352 2144 1352 2221 1337 2281 1345 2281 1307 2276 1265 2219 1260 2216 1260 2214 1260 2189 1273 2174 1280 2120 1278 2045 1273 2043 1273 2040 1273 2018 1285 2008 1290 1998 1285 1983 1278 1981 1278 1978 1278 1976 1278 1923 1290 1874 1302 1824 1297 1779 1292 1777 1292 1717 1305 1643 1320 1623 1310 1616 1307 1613 1307 1611 1307 1608 1307 1586 1312 1561 1320 1539 1317 1511 1312 1509 1312 1506 1312 1504 1312 1494 1320 1474 1335 1348 1342 1328 1330 1323 1327 1320 1327 1318 1327 1315 1327 1313 1327 1310 1327 1310 1330 1308 1330 1308 1332 1298 1345 1261 1335 1253 1335 1251 1335 1236 1337 1144 1357 1107 1345 1102 1345 1099 1345 1097 1345 1094 1345 1084 1347 1037 1362 1022 1352 1020 1350 1017 1350 1015 1350 1012 1350 1010 1350 995 1352 930 1372 811 1367 816 1417 816 1436"/></Shape>
	    <String CONTENT="Circumferentia est locus omnium punctorum eodem modo"
                    HPOS="811"
                    VPOS="1260"
                    WIDTH="1470"
                    HEIGHT="184"
                    WC="0.997480476131806"></String>
          </TextLine>

          
          
          <TextLine ID="eSc_line_74b5dd60"
                    TAGREFS="LT11324"
                    BASELINE="752 1501 1022 1469 1735 1417" 
                    HPOS="744"
                    VPOS="1352"
                    WIDTH="991"
                    HEIGHT="186">
            <Shape><Polygon POINTS="754 1538 878 1511 928 1523 938 1526 940 1526 943 1526 1007 1516 1164 1486 1236 1491 1315 1496 1318 1496 1320 1496 1372 1476 1395 1469 1407 1471 1447 1484 1449 1484 1452 1484 1571 1476 1573 1476 1576 1476 1576 1474 1601 1454 1717 1454 1720 1454 1722 1454 1725 1454 1725 1451 1735 1439 1735 1417 1725 1352 1650 1384 1395 1384 1392 1384 1390 1384 1335 1409 1278 1402 1276 1402 1273 1402 1208 1419 1097 1402 1089 1402 1087 1402 1084 1402 1082 1402 1082 1404 1052 1431 975 1424 973 1424 970 1424 968 1424 950 1439 921 1417 918 1417 916 1417 913 1417 744 1429 752 1501"/></Shape>
	    <String CONTENT="se hrabentium ad unum plani punctum"
                    HPOS="744"
                    VPOS="1352"
                    WIDTH="991"
                    HEIGHT="186"
                    WC="0.9721883569444929"></String>
          </TextLine>

          
          
          <TextLine ID="eSc_line_ca3be110"
                    TAGREFS="LT11324"
                    BASELINE="844 1558 1370 1523 1844 1476 2353 1454" 
                    HPOS="839"
                    VPOS="1392"
                    WIDTH="1514"
                    HEIGHT="206">
            <Shape><Polygon POINTS="846 1598 965 1568 1010 1585 1012 1585 1015 1585 1141 1560 1166 1575 1169 1575 1171 1575 1174 1575 1181 1575 1405 1543 1563 1548 1571 1548 1573 1548 1576 1548 1578 1548 1606 1526 1660 1538 1663 1538 1665 1538 1755 1513 1797 1521 1799 1521 1802 1521 1824 1508 1854 1528 1856 1528 1859 1528 1861 1528 1864 1528 1866 1528 1941 1498 2043 1493 2144 1508 2149 1508 2152 1508 2154 1508 2157 1508 2157 1506 2177 1486 2216 1493 2219 1493 2291 1479 2350 1493 2353 1454 2348 1414 2224 1392 2221 1392 2219 1392 2216 1392 2216 1394 2214 1394 2201 1412 2172 1397 2169 1397 2167 1397 2164 1397 2162 1397 2137 1412 2085 1402 2082 1402 2080 1402 2077 1402 2045 1429 1968 1419 1966 1419 1963 1419 1926 1439 1923 1439 1864 1417 1861 1417 1859 1417 1760 1424 1757 1424 1755 1424 1755 1426 1730 1446 1707 1429 1705 1429 1703 1429 1700 1429 1698 1429 1650 1449 1621 1436 1618 1436 1616 1436 1613 1436 1549 1461 1529 1471 1424 1476 1412 1471 1397 1464 1395 1464 1392 1464 1390 1464 1387 1464 1380 1471 1370 1481 1243 1488 1179 1484 1077 1476 1074 1476 1072 1476 1069 1476 1069 1479 1057 1491 1047 1501 1025 1493 997 1486 995 1486 993 1486 990 1486 988 1486 970 1496 950 1508 918 1501 886 1491 883 1491 881 1491 878 1491 839 1503 844 1558"/></Shape>
	    <String CONTENT="sint  duo puncta L et M sumta in recta describanturque"
                    HPOS="839"
                    VPOS="1392"
                    WIDTH="1514"
                    HEIGHT="206"
                    WC="0.9774035259529397"></String>
          </TextLine>

          
          
          <TextLine ID="eSc_line_4f0eeabc"
                    TAGREFS="LT11324"
                    BASELINE="799 1635 1226 1605 1971 1531 2348 1516" 
                    HPOS="794"
                    VPOS="1469"
                    WIDTH="1554"
                    HEIGHT="203">
            <Shape><Polygon POINTS="801 1672 1097 1657 1099 1657 1102 1657 1112 1650 1132 1640 1204 1642 1243 1645 1246 1645 1248 1645 1276 1637 1320 1625 1348 1632 1360 1635 1362 1635 1365 1635 1367 1635 1380 1630 1432 1605 1499 1618 1501 1618 1504 1618 1601 1590 1797 1590 1797 1588 1889 1568 1958 1578 1961 1578 1963 1578 2075 1551 2345 1551 2348 1516 2341 1471 2137 1486 2134 1486 2095 1469 2092 1469 2090 1469 2023 1476 2020 1476 2018 1476 2018 1479 2000 1496 1998 1498 1995 1496 1948 1481 1946 1481 1943 1481 1941 1481 1874 1506 1866 1508 1861 1506 1829 1491 1827 1491 1824 1491 1710 1518 1678 1526 1663 1523 1621 1508 1618 1508 1616 1508 1613 1508 1571 1528 1556 1536 1526 1533 1447 1523 1444 1523 1442 1523 1439 1523 1412 1541 1402 1548 1382 1543 1333 1533 1330 1533 1328 1533 1280 1551 1256 1563 1184 1565 1174 1560 1151 1548 1149 1548 1146 1548 1144 1548 1097 1565 1082 1570 1072 1568 1037 1558 1035 1558 1032 1558 950 1565 948 1565 945 1565 945 1568 935 1578 925 1590 794 1590 799 1635"/></Shape>
	    <String CONTENT="ex ipsis circuli aequales, se secantes, habebunt partem communes"
                    HPOS="794"
                    VPOS="1469"
                    WIDTH="1554"
                    HEIGHT="203"
                    WC="0.9788807462900877"></String>
          </TextLine>

          
          
          <TextLine ID="eSc_line_7b2f8ab8"
                    TAGREFS="LT11324"
                    BASELINE="764 1707 1464 1652 1909 1598 2328 1578" 
                    HPOS="759"
                    VPOS="1523"
                    WIDTH="1569"
                    HEIGHT="221">
            <Shape><Polygon POINTS="767 1744 978 1714 993 1727 995 1727 997 1727 1000 1727 1002 1727 1012 1724 1047 1712 1062 1719 1069 1722 1072 1722 1074 1722 1077 1722 1079 1722 1084 1717 1109 1699 1179 1707 1221 1712 1223 1712 1511 1675 1583 1667 1593 1667 1643 1677 1645 1677 1648 1677 1650 1677 1675 1660 1680 1657 1688 1657 1722 1665 1725 1665 1727 1665 1765 1650 1797 1637 2065 1618 2072 1620 2090 1632 2092 1632 2095 1632 2097 1632 2100 1632 2102 1632 2102 1630 2120 1618 2122 1615 2132 1615 2179 1620 2182 1620 2328 1595 2328 1578 2323 1538 2259 1523 2256 1523 2254 1523 2201 1546 2194 1548 2189 1548 2147 1533 2144 1533 2142 1533 2139 1533 2100 1553 2050 1541 2048 1541 2045 1541 1864 1558 1861 1558 1859 1558 1837 1573 1827 1578 1814 1575 1777 1563 1774 1563 1772 1563 1688 1570 1685 1570 1683 1570 1683 1573 1670 1585 1665 1590 1655 1585 1626 1575 1623 1575 1621 1575 1499 1598 1410 1615 1199 1630 1149 1623 1127 1620 1124 1620 1122 1620 1119 1620 1119 1623 1114 1625 1099 1640 836 1660 759 1652 764 1707"/></Shape>
	    <String CONTENT="eh pates radet de  ongras bilerabitur a recta per LM"
                    HPOS="759"
                    VPOS="1523"
                    WIDTH="1569"
                    HEIGHT="221"
                    WC="0.9610230441276844"></String>
          </TextLine>

          
          
          <TextLine ID="eSc_line_83362db8"
                    TAGREFS="LT11324"
                    BASELINE="777 1784 1593 1714 1859 1675 2149 1647 2341 1637" 
                    HPOS="772"
                    VPOS="1580"
                    WIDTH="1571"
                    HEIGHT="236">
            <Shape><Polygon POINTS="1057 1804 1060 1804 1062 1804 1082 1789 1094 1781 1102 1789 1114 1796 1117 1796 1119 1796 1122 1796 1278 1784 1280 1784 1313 1766 1328 1759 1340 1764 1365 1774 1367 1774 1370 1774 1372 1774 1422 1759 1454 1766 1457 1766 1459 1766 1462 1766 1464 1766 1489 1749 1501 1742 1534 1744 1606 1754 1608 1754 1611 1754 1640 1737 1658 1749 1660 1749 1663 1749 1665 1749 1668 1749 1779 1722 1809 1712 1889 1709 2077 1702 2149 1685 2164 1682 2172 1682 2269 1694 2271 1694 2273 1694 2343 1665 2341 1637 2331 1580 2266 1608 2182 1613 2137 1598 2134 1598 2132 1598 2129 1598 2127 1598 2122 1600 2072 1623 1981 1613 1973 1613 1971 1613 1968 1613 1966 1613 1966 1615 1933 1635 1889 1620 1884 1620 1881 1620 1879 1620 1856 1625 1787 1640 1715 1637 1698 1637 1695 1637 1693 1637 1685 1640 1631 1662 1509 1657 1499 1657 1496 1657 1494 1657 1491 1657 1437 1682 1221 1699 1179 1687 1169 1685 1166 1685 1164 1685 1161 1685 1149 1690 1102 1712 1052 1714 1035 1702 1032 1699 1032 1697 1030 1697 1027 1697 1025 1697 1022 1697 1007 1704 983 1714 960 1707 948 1704 945 1704 943 1704 940 1704 918 1712 881 1727 772 1727 777 1784 779 1816"/></Shape>
	    <String CONTENT=" en etrebius a ec habecete eodem mode corcumfe"
                    HPOS="772"
                    VPOS="1580"
                    WIDTH="1571"
                    HEIGHT="236"
                    WC="0.9676562664301499"></String>
          </TextLine>

          
          
          <TextLine ID="eSc_line_4850e033"
                    TAGREFS="LT11324"
                    BASELINE="1571 1826 1660 1819" 
                    HPOS="1566"
                    VPOS="1786"
                    WIDTH="94"
                    HEIGHT="65">
            <Shape><Polygon POINTS="1571 1841 1658 1851 1660 1819 1653 1786 1566 1791 1571 1826"/></Shape>
	    <String CONTENT="Cuj"
                    HPOS="1566"
                    VPOS="1786"
                    WIDTH="94"
                    HEIGHT="65"
                    WC="0.8225745658079783"></String>
          </TextLine>

          
          
          <TextLine ID="eSc_line_6491a43a"
                    TAGREFS="LT11324"
                    BASELINE="2241 1781 2331 1781" 
                    HPOS="2241"
                    VPOS="1732"
                    WIDTH="90"
                    HEIGHT="77">
            <Shape><Polygon POINTS="2241 1801 2328 1809 2331 1781 2328 1732 2241 1749 2241 1781"/></Shape>
	    <String CONTENT="unus"
                    HPOS="2241"
                    VPOS="1732"
                    WIDTH="90"
                    HEIGHT="77"
                    WC="0.9703587740659714"></String>
          </TextLine>

          
          
          <TextLine ID="eSc_line_a3573665"
                    TAGREFS="LT11324"
                    BASELINE="759 1856 1087 1819 1563 1789 1742 1754 2326 1707" 
                    HPOS="754"
                    VPOS="1662"
                    WIDTH="1574"
                    HEIGHT="216">
            <Shape><Polygon POINTS="759 1878 993 1873 995 1873 1032 1858 1057 1848 1112 1851 1191 1856 1194 1856 1196 1856 1199 1856 1199 1853 1211 1843 1213 1836 1223 1841 1243 1851 1246 1851 1248 1851 1251 1851 1253 1851 1253 1848 1256 1848 1263 1838 1268 1833 1288 1836 1315 1838 1318 1838 1320 1838 1323 1838 1333 1831 1348 1824 1360 1828 1380 1838 1382 1838 1385 1838 1387 1838 1412 1826 1419 1821 1449 1821 1549 1826 1551 1826 1638 1806 1678 1796 1717 1799 1755 1799 1774 1799 1797 1794 1817 1791 1832 1789 1874 1779 1899 1781 1956 1791 1958 1791 1961 1791 2000 1774 2015 1766 2192 1752 2216 1754 2276 1764 2278 1764 2281 1764 2328 1744 2326 1707 2313 1662 2296 1677 2273 1665 2266 1662 2264 1662 2261 1662 2030 1682 2028 1682 2025 1682 2018 1690 2010 1697 1995 1692 1981 1687 1978 1687 1976 1687 1973 1687 1971 1687 1958 1694 1941 1707 1928 1699 1918 1692 1916 1692 1914 1692 1911 1692 1824 1699 1740 1717 1643 1739 1573 1742 1561 1734 1549 1724 1546 1724 1544 1724 1541 1724 1539 1724 1536 1724 1514 1739 1496 1749 1459 1744 1437 1742 1434 1742 1395 1749 1345 1761 1333 1757 1318 1749 1315 1749 1313 1749 1310 1749 1308 1749 1308 1752 1305 1752 1300 1759 1293 1769 1127 1781 1117 1776 1099 1764 1097 1764 1094 1764 1092 1764 1089 1764 1087 1764 1064 1781 1060 1786 1052 1784 1032 1776 1030 1776 1027 1776 1025 1776 990 1789 978 1796 933 1796 811 1796 809 1796 806 1796 754 1811 759 1856"/></Shape>
	    <String CONTENT="renta Ambitas autem partes communis constat exduabas"
                    HPOS="754"
                    VPOS="1662"
                    WIDTH="1574"
                    HEIGHT="216"
                    WC="0.9731731529419239"></String>
          </TextLine>

          
          
          <TextLine ID="eSc_line_f3b21185"
                    TAGREFS="LT11324"
                    BASELINE="1673 1816 1869 1789" 
                    HPOS="1665"
                    VPOS="1752"
                    WIDTH="204"
                    HEIGHT="99">
            <Shape><Polygon POINTS="1680 1851 1727 1828 1772 1838 1779 1838 1782 1838 1784 1838 1787 1838 1789 1836 1819 1816 1869 1824 1869 1789 1861 1757 1792 1752 1789 1752 1665 1781 1673 1816"/></Shape>
	    <String CONTENT=" e"
                    HPOS="1665"
                    VPOS="1752"
                    WIDTH="204"
                    HEIGHT="99"
                    WC="0.9678646922111511"></String>
          </TextLine>

          
          
          <TextLine ID="eSc_line_0e60883d"
                    TAGREFS="LT11324"
                    BASELINE="718 1923 1169 1883 1313 1856 1499 1843" 
                    HPOS="717"
                    VPOS="1809"
                    WIDTH="782"
                    HEIGHT="151">
            <Shape><Polygon POINTS="717 1960 928 1943 930 1943 948 1935 988 1918 1007 1928 1012 1930 1015 1930 1017 1930 1020 1930 1032 1925 1067 1910 1127 1913 1196 1918 1199 1918 1288 1908 1290 1908 1293 1908 1293 1905 1305 1893 1310 1888 1338 1888 1439 1893 1442 1893 1444 1893 1499 1868 1499 1843 1494 1809 1055 1836 720 1880 720 1885 717 1945 717 1955"/></Shape>
	    <String CONTENT="circumferentiarum partibus"
                    HPOS="717"
                    VPOS="1809"
                    WIDTH="782"
                    HEIGHT="151"
                    WC="0.9953112671008477"></String>
          </TextLine>

          
          
          <TextLine ID="eSc_line_59fe22a7"
                    TAGREFS="LT11324"
                    BASELINE="762 1975 1134 1945 2206 1824 2348 1816" 
                    HPOS="757"
                    VPOS="1769"
                    WIDTH="1591"
                    HEIGHT="243">
            <Shape><Polygon POINTS="2288 1784 2264 1784 2261 1779 2132 1796 2092 1796 2003 1791 2000 1791 1998 1791 1995 1791 1976 1809 1966 1816 1884 1824 1871 1819 1846 1809 1844 1809 1842 1809 1839 1809 1774 1831 1767 1831 1765 1831 1730 1821 1727 1821 1725 1821 1722 1821 1720 1821 1690 1838 1678 1846 1650 1843 1588 1836 1586 1836 1496 1846 1494 1846 1491 1846 1462 1863 1449 1871 1417 1868 1343 1863 1340 1863 1338 1863 1288 1883 1268 1893 1199 1893 1082 1895 1079 1895 1077 1895 1077 1898 1067 1908 1060 1915 978 1923 968 1918 958 1910 955 1910 953 1910 950 1910 757 1940 762 1975 764 2012 1079 1990 1082 1990 1119 1975 1136 1970 1156 1972 1223 1977 1226 1977 1228 1977 1263 1960 1268 1958 1273 1958 1308 1967 1310 1967 1313 1967 1405 1948 1474 1950 1477 1950 1479 1950 1534 1928 1546 1925 1551 1928 1581 1938 1583 1938 1586 1938 1588 1938 1591 1938 1618 1920 1621 1918 1623 1918 1648 1928 1650 1928 1653 1928 1655 1928 1658 1928 1658 1925 1670 1915 1698 1925 1700 1925 1703 1925 1827 1900 1859 1908 1861 1908 1864 1908 1866 1908 1869 1908 1869 1905 1889 1888 1891 1888 1906 1888 2067 1888 2067 1886 2070 1886 2072 1886 2072 1883 2092 1866 2095 1866 2157 1876 2159 1876 2162 1876 2164 1876 2194 1853 2348 1836 2348 1816 2341 1769 2313 1771 2313 1784"/></Shape>
	    <String CONTENT="cujus o ambitus constabit ex duobus arcubus, quorum re"
                    HPOS="757"
                    VPOS="1769"
                    WIDTH="1591"
                    HEIGHT="243"
                    WC="0.9823734484336994"></String>
          </TextLine>

          
          
          <TextLine ID="eSc_line_29d27bb3"
                    TAGREFS="LT11324"
                    BASELINE="754 2049 1449 1972 1948 1933 2303 1883" 
                    HPOS="749"
                    VPOS="1828"
                    WIDTH="1557"
                    HEIGHT="264">
            <Shape><Polygon POINTS="762 2092 791 2072 1082 2054 1184 2047 1223 2039 1303 2020 1397 2020 1464 2020 1464 2017 1467 2017 1511 2005 1561 1992 1635 1992 1722 1992 1722 1990 1725 1990 1747 1977 1760 1972 1799 1972 1886 1972 1889 1972 1891 1972 1894 1972 1894 1970 1906 1960 1914 1955 1923 1958 1953 1965 1956 1965 1958 1965 2306 1913 2303 1883 2293 1828 2211 1838 2209 1838 2206 1838 2172 1861 2100 1856 2097 1856 2095 1856 2092 1856 2092 1858 2090 1858 2080 1871 1995 1868 1993 1868 1871 1893 1844 1881 1837 1878 1834 1878 1832 1878 1829 1878 1817 1883 1777 1903 1747 1893 1740 1891 1737 1891 1735 1891 1732 1891 1730 1891 1725 1895 1707 1910 1683 1900 1670 1895 1668 1895 1665 1895 1663 1895 1626 1908 1581 1920 1563 1915 1546 1908 1544 1908 1541 1908 1496 1913 1494 1913 1491 1913 1491 1915 1482 1923 1469 1935 1449 1928 1429 1920 1427 1920 1424 1920 1422 1920 1387 1935 1355 1948 1318 1943 1266 1938 1263 1938 1261 1938 1231 1953 1213 1962 1191 1958 1146 1950 1144 1950 1141 1950 1060 1975 1027 1985 973 1987 968 1985 940 1972 938 1972 935 1972 933 1972 888 1995 881 1997 868 1997 819 1992 816 1992 814 1992 749 2010 754 2049"/></Shape>
	    <String CONTENT="una alter ex altera erecumfeentra est sumtus erno bis sibi"
                    HPOS="749"
                    VPOS="1828"
                    WIDTH="1557"
                    HEIGHT="264"
                    WC="0.9876636955244787"></String>
          </TextLine>

          
          
          <TextLine ID="eSc_line_5535ec95"
                    TAGREFS="LT11324"
                    BASELINE="744 2104 1273 2062 2013 1982 2152 1958 2296 1953" 
                    HPOS="739"
                    VPOS="1910"
                    WIDTH="1557"
                    HEIGHT="229">
            <Shape><Polygon POINTS="747 2139 849 2121 861 2129 868 2136 871 2136 873 2136 876 2136 1333 2092 1335 2092 1367 2077 1382 2069 1402 2072 1422 2074 1424 2074 1427 2074 1454 2067 1494 2054 1509 2059 1521 2067 1524 2067 1526 2067 1529 2067 1531 2067 1546 2057 1566 2047 1631 2047 1663 2047 1665 2047 1712 2039 1789 2025 1827 2027 1879 2030 1881 2030 1983 2010 2038 2000 2067 2000 2147 2005 2149 2005 2152 2005 2154 2005 2154 2002 2169 1990 2172 1985 2296 1975 2296 1953 2291 1920 2249 1910 2246 1910 2244 1910 2065 1943 1918 1943 1916 1943 1914 1943 1869 1962 1849 1950 1846 1950 1844 1950 1842 1950 1839 1950 1789 1970 1750 1960 1747 1960 1745 1960 1638 1985 1591 1975 1588 1975 1586 1975 1511 1997 1511 2000 1362 2012 1360 2012 1318 2002 1315 2002 1313 2002 856 2062 834 2064 831 2064 784 2054 781 2054 779 2054 739 2072 744 2104"/></Shape>
	    <String CONTENT="occurrent circumferentia cum uterue arcus ab altero terminetur"
                    HPOS="739"
                    VPOS="1910"
                    WIDTH="1557"
                    HEIGHT="229"
                    WC="0.9788260133035721"></String>
          </TextLine>

          
          
          <TextLine ID="eSc_line_1bb0b4ff"
                    TAGREFS="LT11324"
                    BASELINE="749 2166 1181 2139 1380 2104 2291 2022" 
                    HPOS="742"
                    VPOS="1975"
                    WIDTH="1549"
                    HEIGHT="231">
            <Shape><Polygon POINTS="1380 2052 1313 2074 1280 2087 742 2121 749 2166 754 2206 821 2181 866 2196 871 2196 873 2196 876 2196 878 2196 881 2196 883 2193 911 2171 968 2186 978 2186 980 2186 983 2186 1000 2181 1047 2168 1087 2173 1119 2176 1122 2176 1231 2159 1293 2149 1323 2149 1397 2151 1400 2151 1402 2151 1432 2139 1487 2114 1526 2129 1551 2136 1554 2136 1556 2136 1559 2136 1561 2136 1576 2124 1601 2104 1643 2111 1645 2111 1648 2111 1683 2099 1707 2109 1732 2121 1735 2121 1737 2121 1740 2121 1787 2101 1829 2084 1918 2089 1948 2089 1951 2089 1953 2089 1971 2084 2018 2067 2033 2077 2040 2084 2043 2084 2045 2084 2048 2084 2050 2084 2075 2072 2105 2057 2291 2049 2291 2022 2286 1990 2239 1975 2236 1975 2234 1975 2231 1975 2229 1975 2201 2000 2164 1985 2162 1985 2159 1985 2157 1985 2154 1985 2127 2005 2075 1997 2072 1997 2070 1997 2067 1997 2067 2000 2065 2000 2058 2010 2013 1995 2010 1995 2008 1995 2005 1995 1948 2020 1943 2022 1931 2022 1817 2012 1814 2012 1720 2022 1717 2022 1715 2022 1693 2042 1690 2044 1688 2042 1650 2027 1648 2027 1645 2027 1477 2042 1474 2042 1472 2042 1442 2064 1437 2067 1432 2064 1397 2049 1385 2052"/></Shape>
	    <String CONTENT="sed in recta ipse non possent nisi semel sibi occurrere, quia"
                    HPOS="742"
                    VPOS="1975"
                    WIDTH="1549"
                    HEIGHT="231"
                    WC="0.9821707430433054"></String>
          </TextLine>

          
          
          <TextLine ID="eSc_line_2300076e"
                    TAGREFS="LT11324"
                    BASELINE="739 2228 1186 2201 1541 2154 2345 2092" 
                    HPOS="734"
                    VPOS="2034"
                    WIDTH="1611"
                    HEIGHT="229">
            <Shape><Polygon POINTS="1045 2149 1042 2149 1040 2149 1017 2166 1007 2173 945 2173 846 2173 844 2173 841 2173 804 2188 796 2191 794 2188 779 2178 777 2178 774 2178 772 2178 769 2178 734 2193 739 2228 742 2263 1201 2226 1204 2226 1223 2218 1276 2201 1392 2203 1474 2203 1477 2203 1479 2203 1482 2203 1494 2193 1514 2181 1596 2183 1685 2186 1688 2186 1690 2186 1735 2171 1757 2161 1844 2161 2025 2154 2028 2154 2053 2141 2062 2134 2345 2111 2345 2092 2336 2034 2080 2054 2077 2054 2053 2062 1948 2094 1876 2079 1844 2074 1842 2074 1839 2074 1837 2074 1837 2077 1834 2077 1829 2084 1822 2092 1787 2089 1777 2089 1774 2089 1772 2089 1770 2089 1770 2092 1742 2109 1710 2097 1688 2089 1685 2089 1683 2089 1680 2089 1653 2101 1621 2119 1588 2109 1571 2104 1568 2104 1566 2104 1563 2104 1534 2114 1501 2126 1482 2119 1464 2114 1462 2114 1459 2114 1457 2114 1434 2124 1397 2144 1102 2166 1082 2161 1050 2149 1047 2149"/></Shape>
	    <String CONTENT="alioqui duo darentur puncta in recta eodem modo se habentia"
                    HPOS="734"
                    VPOS="2034"
                    WIDTH="1611"
                    HEIGHT="229"
                    WC="0.9967861529123985"></String>
          </TextLine>

          
          
          <TextLine ID="eSc_line_3813ff8d"
                    TAGREFS="LT11324"
                    BASELINE="724 2305 1027 2265 1308 2250 1487 2221 1914 2196" 
                    HPOS="717"
                    VPOS="2144"
                    WIDTH="1197"
                    HEIGHT="188">
            <Shape><Polygon POINTS="724 2332 841 2325 844 2325 851 2322 935 2295 978 2307 980 2307 983 2307 985 2307 988 2307 988 2305 990 2305 1000 2290 1042 2302 1050 2305 1052 2305 1055 2305 1057 2305 1060 2305 1064 2300 1097 2283 1149 2293 1166 2295 1169 2295 1208 2285 1263 2273 1288 2278 1305 2283 1308 2283 1310 2283 1313 2283 1315 2283 1325 2275 1335 2268 1348 2273 1375 2280 1377 2280 1380 2280 1382 2280 1429 2263 1469 2250 1514 2255 1573 2260 1576 2260 1578 2260 1623 2243 1645 2235 1658 2240 1685 2253 1688 2253 1690 2253 1693 2253 1770 2231 1854 2240 1856 2240 1859 2240 1914 2213 1914 2196 1909 2156 1846 2144 1844 2144 1842 2144 1757 2168 1752 2171 1737 2171 1521 2171 1519 2171 1516 2171 1514 2171 1487 2191 1442 2178 1439 2178 1437 2178 1434 2178 1432 2178 1432 2181 1417 2193 1283 2191 1280 2191 1278 2191 1216 2213 1089 2223 1060 2211 1057 2211 1055 2211 1052 2211 1050 2211 1050 2213 1037 2226 891 2226 888 2226 886 2226 883 2226 861 2243 861 2245 717 2255 724 2305"/></Shape>
	    <String CONTENT="ad, duo in ea puncta, quod fieri n po est"
                    HPOS="717"
                    VPOS="2144"
                    WIDTH="1197"
                    HEIGHT="188"
                    WC="0.9554840587988133"></String>
          </TextLine>

          
          
          <TextLine ID="eSc_line_42dc010b_a"
                    TAGREFS="LT11324"
                    BASELINE="698 2369 739 2367 819 2350 1390 2293 1993 2248 2129 2211 2341 2203" 
                    HPOS="695"
                    VPOS="2149"
                    WIDTH="1648"
                    HEIGHT="266">
            <Shape><Polygon POINTS="705 2320 701 2320 695 2415 737 2412 739 2412 779 2402 950 2352 985 2365 988 2365 990 2365 993 2365 1052 2345 1097 2360 1099 2360 1102 2360 1208 2352 1211 2352 1213 2352 1228 2340 1276 2345 1278 2345 1280 2345 1283 2345 1283 2342 1305 2325 1370 2335 1372 2335 1375 2335 1415 2320 1487 2330 1539 2335 1541 2335 1544 2335 1586 2320 1598 2315 1606 2317 1638 2327 1640 2327 1643 2327 1645 2327 1648 2327 1675 2310 1717 2285 1742 2298 1745 2298 1747 2298 1923 2283 1928 2283 1948 2293 1951 2293 1953 2293 1956 2293 2013 2275 2025 2273 2030 2273 2075 2283 2077 2283 2080 2283 2112 2265 2142 2248 2343 2240 2341 2203 2336 2161 2301 2149 2298 2149 2296 2149 2120 2161 2117 2161 2077 2181 2025 2208 1911 2196 1909 2196 1906 2196 1842 2228 1812 2218 1809 2218 1807 2218 1693 2238 1623 2218 1621 2218 1618 2218 1616 2218 1561 2248 1491 2228 1489 2228 1487 2228 1407 2240 1405 2240 1402 2240 1375 2263 1201 2260 1199 2260 1015 2295 950 2280 948 2280 945 2280 943 2280 883 2307 724 2317 709 2365"/></Shape>
	    <String CONTENT="alioqui plus quam unum daretur punctum, quod eodem"
                    HPOS="695"
                    VPOS="2149"
                    WIDTH="1648"
                    HEIGHT="266"
                    WC="0.9895147895812988"></String>
          </TextLine>

          
          
          <TextLine ID="eSc_line_2d339419"
                    TAGREFS="LT11324"
                    BASELINE="734 2432 1032 2392 2286 2273" 
                    HPOS="727"
                    VPOS="2218"
                    WIDTH="1559"
                    HEIGHT="241">
            <Shape><Polygon POINTS="1859 2258 1839 2265 1779 2285 1737 2278 1712 2273 1710 2273 1707 2273 1705 2273 1695 2280 1675 2298 1521 2300 1479 2302 1477 2302 1469 2305 1444 2320 1355 2320 1223 2320 1221 2320 1218 2320 1144 2342 1117 2350 1104 2347 1074 2337 1072 2337 1069 2337 1067 2337 1012 2355 913 2350 911 2350 908 2350 906 2350 873 2372 871 2372 819 2365 816 2365 814 2365 727 2387 734 2432 734 2456 816 2459 819 2459 821 2459 851 2446 871 2439 888 2444 911 2449 913 2449 916 2449 918 2449 921 2449 933 2439 950 2427 1072 2417 1117 2422 1146 2427 1149 2427 1151 2427 1154 2427 1164 2419 1181 2404 1251 2399 1300 2407 1328 2409 1330 2409 1333 2409 1335 2409 1343 2402 1357 2389 1385 2397 1400 2402 1402 2402 1405 2402 1407 2402 1432 2394 1484 2377 1516 2387 1529 2389 1531 2389 1534 2389 1576 2382 1638 2367 1720 2367 1762 2367 1765 2367 1767 2367 1782 2362 1824 2347 1854 2355 1861 2357 1864 2357 1866 2357 1906 2350 2070 2320 2112 2332 2117 2332 2120 2332 2122 2332 2125 2332 2137 2330 2226 2305 2286 2315 2286 2273 2276 2218 2172 2228 2169 2228 2167 2228 2132 2250 2030 2248 2028 2248 2025 2248 1958 2268 1889 2260 1866 2258 1864 2258"/></Shape>
	    <String CONTENT="modo se haberet ad L et ad M, ipsis interjacens, adeoque"
                    HPOS="727"
                    VPOS="2218"
                    WIDTH="1559"
                    HEIGHT="241"
                    WC="0.9844784960150719"></String>
          </TextLine>

          
          
          <TextLine ID="eSc_line_ebad8e10"
                    TAGREFS="LT11324"
                    BASELINE="700 2491 2308 2332" 
                    HPOS="695"
                    VPOS="2300"
                    WIDTH="1613"
                    HEIGHT="231">
            <Shape><Polygon POINTS="702 2531 1057 2499 1092 2491 1194 2466 1320 2466 1320 2464 1323 2464 1325 2464 1340 2451 1422 2454 1484 2456 1487 2456 1489 2456 1491 2456 1504 2446 1516 2434 1536 2441 1556 2449 1559 2449 1561 2449 1653 2429 1685 2422 1698 2424 1735 2432 1737 2432 1740 2432 1774 2417 1884 2417 1886 2417 1889 2417 1946 2397 1963 2389 1968 2394 1978 2402 1981 2402 1983 2402 1986 2402 1988 2402 2048 2384 2070 2379 2082 2382 2139 2389 2142 2389 2308 2355 2308 2332 2301 2300 2053 2307 2050 2307 2048 2307 2023 2325 1941 2320 1938 2320 1834 2342 1809 2332 1807 2332 1804 2332 1802 2332 1799 2332 1770 2352 1635 2352 1633 2352 1501 2377 1484 2365 1482 2365 1479 2365 1477 2365 1474 2365 1397 2387 1355 2377 1352 2377 1350 2377 1348 2377 1345 2377 1323 2394 1226 2389 1223 2389 1221 2389 1218 2389 1189 2407 1077 2404 1074 2404 1072 2404 1025 2424 1005 2412 1002 2412 1000 2412 997 2412 695 2456 700 2491"/></Shape>
	    <String CONTENT="punctum tendens ab a ad M per puncctum cum tamen"
                    HPOS="695"
                    VPOS="2300"
                    WIDTH="1613"
                    HEIGHT="231"
                    WC="0.9861694847544035"></String>
          </TextLine>

          
          
          <TextLine ID="eSc_line_d43a71f7"
                    TAGREFS="LT11324"
                    BASELINE="744 2543 1506 2476 1735 2444 2288 2402" 
                    HPOS="739"
                    VPOS="2352"
                    WIDTH="1552"
                    HEIGHT="228">
            <Shape><Polygon POINTS="747 2580 948 2566 950 2566 953 2566 955 2563 988 2541 1047 2553 1062 2556 1064 2556 1067 2556 1069 2556 1069 2553 1074 2551 1097 2531 1191 2538 1218 2541 1221 2541 1223 2541 1226 2541 1233 2536 1268 2513 1325 2511 1375 2521 1402 2526 1405 2526 1407 2526 1447 2513 1487 2501 1499 2508 1511 2516 1514 2516 1516 2516 1519 2516 1628 2506 1631 2506 1663 2491 1693 2479 1750 2484 1824 2489 1827 2489 1829 2489 1832 2489 1832 2486 1846 2474 1851 2466 1946 2456 1983 2459 2055 2466 2058 2466 2060 2466 2062 2466 2062 2464 2080 2449 2082 2446 2177 2436 2192 2439 2256 2451 2259 2451 2261 2451 2264 2451 2291 2429 2288 2402 2281 2352 2149 2365 2147 2365 2144 2365 2112 2384 2090 2372 2087 2372 2085 2372 1998 2389 1978 2382 1973 2379 1971 2379 1968 2379 1966 2379 1943 2384 1854 2407 1742 2404 1685 2404 1683 2404 1680 2404 1653 2414 1621 2424 1571 2422 1516 2419 1514 2419 1511 2419 1509 2419 1496 2429 1482 2439 1444 2434 1400 2429 1397 2429 1263 2451 1194 2464 1169 2461 1117 2456 1114 2456 1112 2456 1109 2456 1092 2469 1082 2476 739 2504 744 2543"/></Shape>
	    <String CONTENT="punctum ab uno ad alterultiam tendens alterutri prius"
                    HPOS="739"
                    VPOS="2352"
                    WIDTH="1552"
                    HEIGHT="228"
                    WC="0.9737542198514039"></String>
          </TextLine>

          
          
          <TextLine ID="eSc_line_06e31dbd"
                    TAGREFS="LT11324"
                    BASELINE="670 2625 1447 2533 2308 2461" 
                    HPOS="670"
                    VPOS="2417"
                    WIDTH="1638"
                    HEIGHT="248">
            <Shape><Polygon POINTS="678 2611 674 2612 670 2625 672 2665 690 2665 779 2635 863 2640 866 2640 1156 2595 1233 2605 1236 2605 1238 2605 1241 2605 1268 2585 1395 2585 1395 2583 1397 2583 1429 2568 1489 2578 1526 2585 1529 2585 1598 2578 1601 2578 1603 2578 1603 2575 1618 2566 1623 2561 1665 2561 1804 2561 1804 2558 1807 2558 1809 2558 1834 2541 1856 2526 1909 2533 1976 2541 1978 2541 1981 2541 1983 2541 2013 2521 2020 2516 2030 2518 2075 2531 2077 2531 2080 2531 2308 2486 2308 2461 2298 2417 2129 2439 2112 2434 2082 2427 2080 2427 2077 2427 2075 2427 2072 2427 2072 2429 2058 2441 2050 2446 2028 2444 1981 2436 1978 2436 1976 2436 1973 2436 1973 2439 1958 2451 1951 2459 1703 2481 1675 2481 1611 2476 1608 2476 1606 2476 1549 2494 1529 2499 1521 2496 1499 2486 1496 2486 1494 2486 1397 2508 1395 2508 1392 2508 1362 2499 1360 2499 1357 2499 1355 2499 1352 2499 1330 2516 1325 2518 1308 2518 1233 2513 1231 2513 1228 2513 1201 2528 1199 2531 1196 2528 1181 2518 1179 2518 1176 2518 1174 2518 1102 2523 1099 2523 1055 2543 1050 2546 1042 2546 980 2536 978 2536 975 2536 908 2558 901 2561 891 2561 819 2558 816 2558 695 2580 692 2615"/></Shape>
	    <String CONTENT="occurrere debeat quia circumferentia quaevis non nisibis occurrit"
                    HPOS="670"
                    VPOS="2417"
                    WIDTH="1638"
                    HEIGHT="248"
                    WC="0.9702462778641627"></String>
          </TextLine>

          
          
          <TextLine ID="eSc_line_0557dabc"
                    TAGREFS="LT11324"
                    BASELINE="364 2680 570 2665 695 2670 913 2640 1487 2590 1703 2583" 
                    HPOS="363"
                    VPOS="2546"
                    WIDTH="1341"
                    HEIGHT="181">
            <Shape><Polygon POINTS="943 2598 921 2610 734 2618 732 2620 707 2638 682 2638 657 2638 633 2640 608 2640 585 2642 561 2642 536 2642 511 2645 486 2670 461 2667 436 2660 412 2650 409 2640 399 2640 363 2652 364 2680 364 2681 369 2727 381 2727 409 2714 479 2722 484 2723 529 2721 531 2719 548 2705 583 2714 597 2718 660 2716 684 2716 841 2704 848 2700 909 2692 921 2687 958 2672 1030 2675 1032 2675 1033 2675 1037 2674 1104 2655 1283 2645 1296 2647 1472 2637 1496 2628 1696 2620 1704 2608 1703 2583 1695 2546 1442 2551 1335 2571 1315 2573 1313 2571 1295 2563 1293 2563 1290 2563 1288 2563 1231 2578 1196 2585 1159 2583 1109 2578 1107 2578 1104 2578 1072 2588 1042 2598 1000 2593 970 2590 953 2593"/></Shape>
	    <String CONTENT="seca su dametio  ecta, ergo haberent diametrum communem."
                    HPOS="363"
                    VPOS="2546"
                    WIDTH="1341"
                    HEIGHT="181"
                    WC="0.9221909940242767"></String>
          </TextLine>

          
        </TextBlock>
        
        <TextBlock HPOS="2025"
                   VPOS="2854"
                   WIDTH="121"
                   HEIGHT="112"
                   ID="r2"
                   TAGREFS="BT16581">
          <Shape><Polygon POINTS="2025 2854 2146 2854 2146 2966 2025 2966"/></Shape>
          
          
          <TextLine ID="eSc_line_a557bda3"
                    TAGREFS="LT11324"
                    BASELINE="2038 2925 2129 2920" 
                    HPOS="2033"
                    VPOS="2866"
                    WIDTH="96"
                    HEIGHT="100">
            <Shape><Polygon POINTS="2085 2898 2082 2876 2033 2866 2038 2925 2038 2966 2068 2966 2129 2958 2129 2920 2125 2901 2110 2898"/></Shape>
	    <String CONTENT="se"
                    HPOS="2033"
                    VPOS="2866"
                    WIDTH="96"
                    HEIGHT="100"
                    WC="0.9887110590934753"></String>
          </TextLine>

          
        </TextBlock>
        
        <TextBlock HPOS="0"
                   VPOS="4255"
                   WIDTH="2768"
                   HEIGHT="212"
                   ID="r1"
                   TAGREFS="BT16577">
          <Shape><Polygon POINTS="0 4255 2768 4255 2768 4467 0 4467"/></Shape>
          
          
          <TextLine ID="eSc_line_f055e614"
                    TAGREFS="LT11324"
                    BASELINE="2112 4362 2576 4357" 
                    HPOS="2110"
                    VPOS="4328"
                    WIDTH="466"
                    HEIGHT="57">
            <Shape><Polygon POINTS="2112 4385 2574 4380 2576 4357 2569 4328 2110 4330 2112 4362"/></Shape>
	    <String CONTENT="Signatur: LH 3S. 12, 1. NVISI.Ser"
                    HPOS="2110"
                    VPOS="4328"
                    WIDTH="466"
                    HEIGHT="57"
                    WC="0.9389581102313418"></String>
          </TextLine>

          
          
          <TextLine ID="eSc_line_cbf11352"
                    TAGREFS="LT11324"
                    BASELINE="201 4402 265 4399 285 4377 362 4370 402 4390" 
                    HPOS="198"
                    VPOS="4325"
                    WIDTH="204"
                    HEIGHT="102">
            <Shape><Polygon POINTS="374 4345 320 4325 317 4325 315 4325 283 4328 280 4328 278 4328 278 4330 275 4330 270 4387 248 4397 223 4397 198 4397 201 4402 201 4427 402 4427 402 4390 399 4385 384 4380"/></Shape>
	    <String CONTENT="nons"
                    HPOS="198"
                    VPOS="4325"
                    WIDTH="204"
                    HEIGHT="102"
                    WC="0.9033729732036591"></String>
          </TextLine>

          
        </TextBlock>
        
        <TextBlock HPOS="367"
                   VPOS="1102"
                   WIDTH="263"
                   HEIGHT="193"
                   ID="r3"
                   TAGREFS="BT27326">
          <Shape><Polygon POINTS="367 1102 630 1102 630 1295 367 1295"/></Shape>
          
        </TextBlock>
        
        <TextBlock HPOS="333"
                   VPOS="1316"
                   WIDTH="380"
                   HEIGHT="431"
                   ID="r4"
                   TAGREFS="BT27326">
          <Shape><Polygon POINTS="585 1316 347 1424 333 1613 366 1747 681 1738 713 1579 693 1510 672 1398 638 1318 588 1317"/></Shape>
          
        </TextBlock>
        
        <TextBlock HPOS="344"
                   VPOS="2274"
                   WIDTH="334"
                   HEIGHT="207"
                   ID="r0"
                   TAGREFS="BT27326">
          <Shape><Polygon POINTS="344 2274 344 2481 678 2481 678 2274"/></Shape>
          
        </TextBlock>
        

        
      </PrintSpace>
    </Page>
  </Layout>
</alto>
