3269 4766
201 105 1507 130 poterit praeter Experimentum 8. etiam sic con–

206 211 1478 125 vinci. TubusAAbesto in A Apertilis prominensque

188 304 1602 116 extra vas D. in aerem liberum. Sitititem parte Tubi

185 383 1650 151 AAE. et pBE conjunctae Epistomio, quod claudi

235 492 1595 122 ac proinde communicatio aperiri potest. His positis

211 569 1378 132 Mercuro delapso ex AE in vas subjectum C.

211 656 1479 127 iclaudatur e iEpistomium, ita communicatio

182 738 1592 125 inter AAE et BE. interrumpetur. Fieri non difficili

177 812 1550 143 irtificio potest utise Mercurius labendo Epistomium

161 900 1534 140 claudat. Vas D. enim aperiri non debet. Clauso

161 992 1566 135 Epistomio aperiatur manum apertura AA extra

177 1077 1680 130 vas D. prominens, et mbolo cavo immisso foramen

185 1154 1605 140 in fundo habente Sumatur Embolus Tubi  ab altero

172 1231 1711 156 latere  aperti forma, ita tamen ut funduset clausus sit exigud

198 1323 1571 141 foramine aperibili claudibilique perforatu pertusus.

209 1416 1565 130 Hoc foramine aperto emboloque in AAE. intraso aer

222 1482 1465 141 per foramen G. exibit in embolum, claudatur

214 1556 1478 138 foramen G. embolusque per vim extrahatur. et

222 1641 1507 138 statimi vas apertura AA. denuo caudatur

225 1715 1592 154 quo facto aperatur iterum Epistomium E. patet

233 1811 1557 151 AE. esse omni aere quantum per artem possibile

222 1887 1743 154 est vacuum. Si ergo sustentatio funiculi Mercurium

201 1993 1732 146 in BE. sustinet, eum nunc labi necesse est, quia

214 2070 1526 143 iste funiculus aere expulso non potest non

206 2165 1526 120 evanuisse. Facilius experimentum hoc erit ad

203 2247 1476 130 dem fortius ostendendum, quod demonstrationis vim

206 2319 1629 130 habebit ad controversiam de funiculo penitus dirimendam

211 2406 1495 133 Esto inse D. vas aliud I. clausum nisi

203 2494 1738 127 quod cum per canalem IH cum tubo AE. communicat

198 2573 1738 135 Mercurio AE. delapso aer e vase I. se partietur

225 2655 1740 135 in vas I, et canalem Tubum AE. Ergo aer Tubi

187 2743 1775 143 AE. minus quam ante erit vaeus, et tanto iu propior

230 2835 935 130 Pleno ordinario, quanto

1253 2862 535 124 majus est vas

217 2936 736 116 I. et si loco vasis

1096 2901 170 101 Tubus

1009 2946 829 117 1. canalis exiret extra

225 3031 1698 96 vas d. in liberum aerem quo nullum vas capacius

225 3092 1669 130 canalis, in effectu locus AE haberi

217 3172 1592 119 poterit pro pleno, nulla ergo in  eo aeris tensio

238 3243 1412 127 Ergo si ab ea funiculo materiae in

227 3338 1471 112 tensae pendet Mercuriii sustentatio, necesse est

230 3410 1603 114 Mercurium delabi sustentaculo scilicet cessante

219 3492 1608 122 At suspensus manebit. Tensio Aer ergo dibatatione

225 3577 1454 114 delapsu Mercurii ex AE. dilatatur a se ipso

206 3651 1505 119 non vi Mercurio labent, cntradhibita, ac

185 3741 821 130 proinde Funiculus est nullus

214 3820 1428 125 sondus au pressionem Compressionem acutem

190 3908 1447 124 aeris in  vase D. oriri a pondere Mercu

203 4000 1418 111 Sed miretur aliquis, cur altitudo

201 4085 1467 103 Tubi nihil ad rem pertineat; nam es nam

190 4157 1452 116 cum Mercurius ex Tubo AB. labatur in Vas.

177 4233 1431 135 D. quanto altior est lapsus ex Tubo, tanto magis

169 4321 670 98 comprimitur aer in D.

866 4321 776 127 ac proinde deberet, magis

148 4387 1611 143 si Tubus est altior, deberet Mercurius altius suspendi. sed

1834 190 367 147 Experimi Af a

2033 1871 210 100 aeris

1838 2181 297 108 seperim. 11

1933 2939 432 154 Exp. 12 N

1973 3018 40 68 t

2094 2001 1119 143 tvero non labetur, sed sippensus manebis
