2960 3818
195 114 392 72 de chotu C

133 167 543 129 cogitata confusanea

770 118 1428 138 De Detrimento Motus, (ab attritu, scilicet:)

1941 182 89 70 recta

2170 186 62 64 cui

732 209 1954 155 Esto corpus A2 insistens plano in BC, ipulsum ie DE, pondere suo innititur,

778 282 1984 152 Hecs. ponatur impelli recta DE, sentietur aliqua in propellendo difficultas,

872 392 509 81 OEt t Ac primum qu

780 356 1938 193 Equidem si planum ponatur esse perfectum, atque ita durum, ut planitiei

723 432 1914 183 summa aequalitas nullo incumbentis nisu mutari possit, difficultate tamen

702 481 2067 210 superfolura cd ab ipso illo nisu unionis, quo corpora junguntur. Sed non arbitror,

710 549 2048 218 alioqui enim summe polita in summe politis, ut glacies maxima onera.

700 619 1969 220 non tanta facilitate propellerentur. Et si unionis bis a nisu est, tanta

706 682 2071 257 foret unio quantus est risus, et separare volentibus suprandum esset totum corporis

727 752 1978 274 pondus, nec facilius esset impellere corpus in glacie aut aqua, quam tollere

744 977 372 117 in sublime.

1137 835 1547 225 credendum est ergo attritum omnem esse a corporum

742 926 1944 263 inaequalitate. Pari inaequalitate seu scrabritie; si par est sem

738 1156 322 106 scabrities,

1190 1018 1502 205 Aestimanda autem sunt, srst quantitas contactus, scabrities,

742 1075 1986 261 pondus innitentis, quantitas contactu, nam plurimum interest globum, an cubum

744 1162 1944 259 propellas; scabrities, nam refert in marmore polito, an in tapete

1761 1308 988 168 expensa nihil conferrte artatior pondus, nisi

736 1238 1954 261 globulus t decurrat; ac pondus innitentis, nam globus ponderosior caeteris

755 1393 982 199 paribus non eque procurret sed, re recte

1173 1370 1545 242 corpus, ut globulus decurrat super tapete, nihil conferre

749 1531 424 131 ita judico. si

749 1442 1954 293 ejus pondus ad attritum. Consideranta semel sed pondus idem agit

744 1499 2008 308 etiamsi in vacuo se moberetur totam enim lvim motus slatium reducit

749 1559 2026 311 ad certum moderamen: eaque viis obstaculo aliquo recepto, et aepe continuato

1364 1643 1409 227 decurrit continue decrestit. Peinde ac st in corpus

738 1798 622 155 ut quando in tapete

1672 1711 959 176 Idem est quando cou

2215 1788 568 127 Sed quando ponumus

772 1928 235 99 i media

1033 1870 407 130 aqua procurat

1712 1868 1029 170 corporis ad rem pertinere arbitior;

787 1845 1320 259 sobum ponimus decurrere in tabula glutinosa

1162 1970 514 138 inaequalem, ponde

2283 2048 12 87 s

2378 2004 403 121 si enim glutinis

738 2053 401 119 Vtabulam et

729 1928 2067 320 majore enim vi opus est, ad elevandum corpus ut exignum quendam montem

1054 2186 236 126 quam ad

1355 2074 847 170 ipsum a glutine avellendum.

732 2212 233 138 saperet

1421 2072 1348 244 Y corporis in quantum mo mutui in plano

761 2248 643 159 tantum vis superatur,

1270 2148 1479 257 Hic vero ipsum corporis pondus, idem est de alio

744 2345 484 119 resistit pondus ejus.

727 2208 2069 356 arsu corporis contra aliusd corpus quod contingit, ut chordarum contra

1058 2301 1687 286 Excutiendum tamen obiter est, antequam pergamus  ande

749 2536 263 102 rotas

1665 2456 1031 210 resistentia oriri possit, nisi ab eo qui

753 2371 1962 337 fiat, ut corpus in plano etiam politissimo videatur difficulter propelli

1568 2606 133 85 eanus

746 2596 785 197 posse. Ego non viceo, unde

729 2547 2003 303 superest alttitu, contra aerem et alia corpou per quae decurit. Pone

753 2598 1965 335 sagittam horizentaliter projies pondus eam tandem ad terram deducit,

753 2657 2058 340 ita pondus ve hae sive b'un trameans ajens contra inae qualitates glacies

757 2742 2058 308 tandem vim impressam destruit. Quod longius projicimus polam plum

1434 2812 1379 246 ligncam ratio esse videtur, quod plumbum, solidius

755 2999 607 150 beam quam aentam

1041 2891 1664 244 minm in eo materiae extraneae sive aethereae atque ideo

765 3111 249 98 un

774 3162 165 93 mine

959 2952 1822 269 attritus quemadmodum, a chartam in globulum, compressam

761 3020 1963 291 longius projeceris quam expansam, uaut ne hunc exemplo

1307 3098 1417 221 clongius projieres nongiam compressam, quam

606 3262 705 152 chartae lalitudinem objicias

780 3168 2010 289 dilatatam. N et sane ab ejusmodi detrimento oriri pendulorum

755 3236 2071 295 Elateriorum cessationem, aut certe detrimentum, videtur manifestum.

734 3344 2032 261 Satis ergo fortis causa ad rationem reddendam, cur corpora majora

780 3406 2076 295 difficilius impellantur. Videmus ego ab Maritu criri magnomuschaenonenor
