4915 4444
652 105 1686 159 Maulo accuratus considerare convenit quid sit termanus res

473 182 1873 166 Non omne terminus est, quod ab externo affiagi potest, alioqui tota

465 244 1898 188 superficies totaque linea firet terminus An Terminus igitur est, quod commune

479 306 1840 187 est duobus partem communem non habentibus? sed ita omne punctum

469 360 1902 183 quod in superficie est, potest conseri terminus. sed nos in haemisphaerica

466 422 1922 180 superficie id solum  put plo termino habemus quod in comm circulu maximum

1136 493 1249 119 Terminum dicemus quod non est pars eadit autem

466 592 116 82 cadit

614 535 467 129 An ergo dicesus

481 545 1892 185 d commune esse duolus partem communem non habentis d tamen unum

459 595 1931 217 toturm pcontinuum, plenum, conssituentibus; sed hoc sensu sequetur sphaeram

442 656 1933 217 non ue terminu non habere terminum. Itaque dicemus  suffecerit

459 725 1941 193 diere Terminum esse quod communes est duobus parsem communem non habentibus

1309 794 1096 121 sed ita jam de Ambitu definiendo erit difficul

2161 841 210 109 sed si

454 859 771 123 d esse ear eorum terminum B

493 859 1616 195 phaerae ammbitus est superficies. Est enim terminus continuus totus.

456 906 1952 222 omne quod terminus est in ambitum cadit, tota superficies erit ambitu

459 972 1936 218 itas. Respendeo ambi dicemus ergo Ambitum esse Terminum lotum

466 1024 1887 212 commoreio continuum duorum partem communem continuum in se redeuntem

479 1076 1904 220 ad nec hoc. sufficil, alioqui in superficie, omnis circulus in superfiere hemi

474 1160 1832 207 pphaerici descriplus foret ambitus A. Ambibus, videtur contina commum

1383 1266 1002 138 num plenum est solidu cujus quae vis partes

491 1204 1892 225 Continuum communes duobus totum continnum plenum constituentibus; contiina

1474 1308 911 138 duae quaevis partes linea cynnectum

111 1384 336 118 terminus contiauus

479 1325 891 171 contiacum. si conticmm o tins pt

1170 1397 299 74 erfices duaque

387 1427 625 131 ducs superficie quectuntur

1271 1357 1134 181 Quid si superfieres sphaerica ABCE tangitur

451 1486 470 126 se non puncto.

531 1427 1849 232 sed quid si superficiet ab alia sphaerica a superficie BDC, sic ut earum

466 1473 1897 242 communis tactus sit, circumferentia circuli BC Non Hoc duo ABCE, et BCd

476 1528 1897 224 su a cotinuum plenum component. Non puto, quia non possunt esse ambitus

419 1725 292 97 nnius solidi.

738 1585 1670 232 quondam quicue id ati BCE est superfluum,  quitquid contidet A0ht

2104 1740 257 82 a sectione

407 1715 1099 166 A A Cd, BCd, jam contineC ABC + Bcd.

558 1681 1803 239 continuum quoque plenum  esse compondere videntur, quae i nullo trajjici poss

1133 1767 936 156 quae quae non possunt secari nisi

459 1859 570 116 vel e dividi possemt cujus

1318 1789 1072 176 ta duo solia solidum constans ex duobus solo

454 1908 743 121 cujus pars cadet infra continuum

456 1859 1880 239 puncto convexis ut compositum ex duabus phaeris se langentibus in

459 2054 244 91 puncto

755 1893 1643 235 separari pote ab duo quod non cadit nta x compositum nemp

1541 1962 864 156 Et si duo prisinata consuagantur

474 2044 1005 168 (Es velati a plano amtas tangente.

456 2031 1954 232 olum per rectam, potent ipsa quidem recta est sectio eadens in plnaus

439 2083 1951 232 prisma utrumque sed potest aliud planum, osst alla recta duci, de transversa

459 2147 1909 218 transens per hanc rectam, quod cujus nulla pars eadit in continuum

304 2346 98 83 Ain

439 2199 1872 237 Ambitas est terminus, continuus communis duobue unum continuum plenum

454 2268 1850 232 stibuentibus, ut BC. sed ita BC, erit ambitus superficei sphaericas.

432 2424 64 104 o6

543 2330 1845 210 An defanguenus inter emgnum cterminatorum sphaea ita carculeriBe eut

474 2414 1294 163 terminus quoque An distinguemus terminum et termiu

444 2389 1959 265 teriminus e superficiei sphaerica, sed non eut terminator; At terminator, in

1096 2449 1279 200 Nempe distinguendu videtur inter termin

454 2607 333 101 Hemispharis

832 2592 141 81 A BC

1313 2496 1062 185 ita BC est terminus superficei sphaecicae pospecte

1983 2550 385 126 sed absilutu

686 2651 59 84 et

879 2619 271 84 ecta alterius

1197 2614 82 72 a

461 2666 203 91 solute

424 2587 1519 230 re spectu plani tangentis alterius superficiei sphaericae attingeulus

1573 2678 852 136 Haec quomodo distinctu notionet

395 2619 2027 257 terminum superficies sphaerica non Et, tametsi terminata sit id est At aemis

785 2750 674 141 habet absolutum terminum.

400 2834 350 126 nic superficie

439 2918 42 94 e

493 2725 1939 274 scernemus si sint  duo areus quadrantales se tangentes AB cuius centrus

427 2794 1981 272 ,et Bc cujus centur et E, B, d in eadem recta, uo lvam curgcirea, axem

422 3049 44 84 d

521 2873 1892 240 superficies inde nata erit revolutione erit unum continuum plenum, uno etia

1229 2967 1188 170 ande patet superficiem spphaericam AB, dibersas modis

2000 3026 415 99 itaque non sufficit

422 2915 2013 259 pene connexum seu unnforme unde patet superfic Et part ejus mamen est superficres

397 3086 736 165 maerica pars est annularis

849 3054 1060 197 den est si arcus AB esset minor quadrantali

387 3199 353 92 posse continuari

908 3086 1512 205 tu dicemus linea terminatricem esse quia linea ipsam secan

397 3236 301 116 dicere, hic

913 3128 1504 214 neans autem est non tangens, quae non est regcediens sed

1375 3179 1047 191 nycus Et plures concursus coincidentes

429 3293 336 96 cadit ex ra

358 3300 901 160 hac ora destructus explicanda.

3114 308 1637 119 Elementa Plani in calculum redigere conabor, ut specimen exhibeam  Calculi

2961 348 1798 163 situs, quem excogitavi solidorum Elementa non minus facilia sunt, sed incipere placet a simpliciore

3109 444 689 101 num est coupersines superficiei cujus partes

3005 533 23 57 d

3121 414 1653 188 Panc haec natura est, ut partes ejus, quarum o rena congruunt, inter se

2988 471 1724 195 congruant, nec nos alia ejus proprietate ad Elementa planorum tradenda indigemus.

3109 520 1709 195 sectio plani interminali per ad uno ad utrumque segmentorum se habens, eadem modo est No

2961 572 1857 200 (2) itaque si duae peripheriae ABC LMN sint congruae, seu congruere possint, etiam L si sibi

4425 706 354 76 utem conguer itaque

3037 617 1781 192 apaldcentu, congrugures sur fumra etiam figurae ipsae exunt erunt congruae. Nam corgruum voco quod

3524 666 1267 146 ingruiturum est, si certa ratione applicetur. Ponamus ergo peripheriam

4588 750 40 49 an

4292 753 264 76 termini non consie

3040 762 422 92 cbngruere potest, eu qua

3368 735 936 136 aui congruere, etam figura figara congruet per

3042 807 316 94 peripheriae applicat

3018 834 597 101 congruere potest; seu congrua est

3894 812 899 140 mum interminatum A DGFE interminatum, vel

2995 755 1813 247 2+ st planum taterminatum secetur toduas partes sectio plani intermienti ad utrumque segmento

3079 923 615 116 habens eodem modo est recta

4119 948 129 83 sectio

3057 851 1756 227 Terminas habens tansinquos et incognitas aut saltum non consideratos, in hc hoc secetur a rectu

3045 1027 499 111 itidem indefivite producta

4537 1059 281 64 conantur secetur

4213 1066 299 91 si velo qu tegi

4551 1096 250 66 lineam LM

2995 952 1801 247 4.(3) Rect sectio plani cujus termini non considerantur eodem modo se habens ad utrumque

3346 994 1467 220 recta. Sit es plana sguca planum  inferminatum aut terminorum incopa

3894 1125 176 62 atorum

4067 1103 109 84 velut

3010 1160 309 89 Segmenturum est

3465 1175 96 64 latem

3825 1123 613 123 ptur utvinque se habeat eodemmi

3015 1207 316 106 torum, frtesse ob lo

3423 1212 118 79 ina

3786 1135 998 171 tuti plani AB sectio facta per cd in partes ACd, BCd

3018 1269 242 79 aute n

3314 1224 408 131 a est sectio per

4561 1306 166 71 duae quaer

3008 1315 153 104 qua 3

3220 1278 729 129 nea quasplanum secatur in partes ACd,

3042 1380 87 64 est

3484 1392 112 79 haben

3749 1254 1027 205 in est in tato, et partem habet et partem habet in utraque

3072 1459 151 59 atem eo

3440 1414 20 99 d

3477 1434 15 54 n

3512 1436 74 65 q

3778 1412 245 84 lone Nam

4109 1328 682 160 autem contium o habentes haber

3428 1503 74 54 ua

3499 1446 546 134 ouae quaevis partes habe

3020 1528 158 76 parte tot

3235 1535 257 84 in est cu

3030 1575 131 79 () C0

3020 1518 852 185 sectioem communet habent aliquid commune

3736 1678 18 57 n

3838 1525 923 203 quarum extrema non considerentur, non poterum

4559 1624 212 121 ubique sibi

2971 1473 1761 304 3 A(11 Planum est superficie uliuni intus unitormis.  _ id est

2998 1666 721 160 i duae in plano sumantur partes qua

3680 1676 859 163 tus ate quavic fieri potest, quud similic alique

2995 1631 1472 252 discerni inter se quod socus est in superficie sphaerica, aut alia quacunque

3845 1822 114 79 aptur

3917 1738 839 187 ita ut in ejus parte ejus quivis fieri possit

2956 1807 771 153 (1) Planum est superficies incujus

3028 1846 711 166 similis, quatenus termini ejus non

2971 1883 921 190 (1) planum est superficies intus uniform

3218 1799 1605 287 i ei id est in cujus parte quavis fieri potest simile ei quod fieri potest in alia quam

3020 2024 161 94 aliquid

2800 2024 193 124 sersicuitis

3025 1854 1756 308 terminis ipsarum consideratis non consideratis tntus, id est terminis iptarum non consideratus

2973 1908 1850 333 2) Planum omnee produci potest: Detripto describatur in isso figurm quaecunque terminos non altiagem

3018 1992 1763 296 circumscribit ei poterit alia B, ipsi similis etium terminos non attiagens avis parte in quaris parte

3326 2101 801 177 jes intus sibi similis. id est planum

3845 2222 178 98 excnatum

4584 2184 227 112 B similie

2820 2229 437 133 1) Planum est super

3260 2063 1519 292 oe alia quavis, nisi quatenus a terminis diversitas oritur nisi quaenus

4329 2254 82 84 por

3655 2123 1124 259 Sit planum A in eo describatur B simile ipsii A quod ficri

2889 2325 227 96 fieri potest)

3497 2335 54 84 otes

2921 2323 462 131 terminis diversitas, ori

3665 2352 106 82 esit

4191 2315 627 148 rebus per characteres exprissis secundum

2946 2394 375 111 planum un omne

3554 2244 1259 279 qo ut B prodatum an A a i i e i et B puo et produci potetm aliud sunte

2949 2384 649 173 Cest per tram. 1. Et cit in A descriso

4430 2441 391 109 consideratum

4201 2498 212 114 um ipsa

3107 2466 526 165 pilenum datum fores produem

2604 2533 421 118 et simuliter postumi passupe

2926 2577 67 89 s

3692 2560 356 136 autetatae

4124 2493 702 193 exhiburt Ae numerorum

2563 2597 326 143 rursus perpan

2978 2397 1756 323 alculi recte instituti, debet is esse fructus, ut egibus ejus

4480 2658 155 84 nen species

2800 2631 739 168 Iutendo se nei

3272 2621 805 178 salem calculum ephibentu sola prima

2832 2745 341 111 reperiri debent.

4245 2797 59 131 net

4324 2745 398 101 cum. Nec refert

4458 2807 180 86 Thmetica

2823 2575 1983 360 defritorum, quam Arithmeticam vocamus. Secuta est Algebra, quae tractat de Numero

4463 2841 274 109 lequatur quo

2835 2817 667 167 indefinito, vel quod eodem redit

3601 2817 619 165 hacte robus utitur loco verorum

4635 2854 173 116 e umlales

2872 2691 1855 343 reciosa est scientia calculandi per charaesteres ratiocinandi per characteres pro rebus

3828 2863 602 166 ut in ingentibus numeris

3675 2977 123 96 pe sit

2825 2883 1267 220 Ita abjetram specio sam dic olio  nuneri fictitii adhibii pro ver

3845 2937 595 146 tancet exb e hibentae es

4136 2935 640 158 hoc ratiocipandi aptificium

4470 2999 269 106 Algebua quae

2832 2999 539 138 chariteresat sint a, but

4579 3039 224 108 isappellan

3709 3088 72 79 lim

3806 3054 249 106 appellare

2823 3007 797 200 speciosae genus, nam nam characteram

3065 3056 590 153 abore indigeret, si lapillis

4124 3073 405 134 sa solet etiam Ana

2837 3152 191 99 immensae

4188 3091 640 160 non tantum Analysi sed et syn

4658 3147 153 121 agnitad

3724 3155 341 113 Haec Algebra

2850 3110 788 198 itaque  et in universum x etiam C

4206 3192 269 111 Eactenvs ad

3593 3216 467 124 dem hbet accalis

2810 3031 1630 321 etsi non tantum magnitudinem, sed et qualitatas situm et qualitates exhibeat.=

4028 3273 121 99 d

2825 3219 785 200 actenus solet etiam Analysis vocar

3082 3276 491 150 dmodum analysin magni

3497 3281 449 145 note nunent iutq essinis

2855 3362 180 94 quia apte

3791 3241 1027 217 naynitudines mutuo quaedam supendo ex Elementis

2850 3372 550 136 thesi in ratiocinando utatur

3102 3372 637 143 ssit, nam a, b, ibi sunt mag

3640 3303 1178 247 caros habet usus. Superest tamen cateu saepe tamen ex ipsa

2827 3468 247 111 tantum ex

3107 3414 647 153 learum, et figmarum ex hibet per

2620 3513 417 157 situm aatem punctorum

2832 3488 769 170 ceoeleiae. Quod quidem preclos po

2850 3362 1887 358 figurarum inspectione multa strabiu  consequantur consequimur, quae calculo algebrae, non nis

3287 3402 1526 291 raber licet. Nam cogimur sitm situ data reocar ad magnitudinem

2825 3656 400 126 per multas ambages

2823 3486 1906 330 t a figuris ad alculum veniamus, et rursus calculo inventa revocare nam

2832 3540 2008 350 a magnitudine ad situm, ut per constructionem in figuris exhibeamus  cum vero met

2823 3609 1941 323 cometria in figuris, ad morem veterum hactenus magis ingenio, quam certa avalysi

2852 3661 2016 336 ractata i licet veteres, quandam poristicamo animo designaverint; coepi ego cogitare

2874 3730 1970 305 de calculo situs, qui figuras recta exhiberet characleribus, et verat delinearet,

2542 2740 228 103 leges ejus

368 4211 834 72 COTTFRED UILHIEIM LEIBNIZ BIBLIOTHIEN

4267 4224 455 69 Signatuur:. LF36. 1. 14. 11551. 787

353 4288 844 69 NIEDERSACHSISCHE LANDESBIBLIOTHIEI

2484 3303 301 79 nam characteres

2492 3350 274 79 ad dustar calculo

2497 3389 205 77 rum huc ill

2506 3424 247 90 transfarantur
