4591 4199
104 86 1067 112 Duae rectae non habent partem aliam

95 156 1090 133 communem, aliai quae habent segmentum

132 240 756 114 commune, coincidunt

111 298 1015 128 Duae rectae quae duo puncta habent

114 363 1145 124 coencidentia, coincidunt si continuentur

123 447 1202 143 Nam utraque determinata est ex duah D.3 t

118 508 1214 145 duo puncta illa cadunt in utramque ergo

114 580 1176 138 et utraque recta est ergo ex his duobus

116 639 1188 158 punctis determinata, id est unica. Toincidunt

107 774 126 84 ergo.

170 746 1008 147 Ergo inter duo extrema non nisi unica

184 830 949 135 est recta monantur enim haec duo

172 888 1094 145 puncta conicidentia utrobius esse extremia.

233 998 126 96 item

548 956 688 107 quae productae, non coincidunt

142 1005 1232 145 item duae rectae non habent. Partem commidem

156 1063 1176 157 segmentum commune, alioqui enim haberent

158 1129 1244 154 plura puncta, u sn eo segmento assignari

1243 1189 170 62 mma

163 1236 513 114 possunt, commania.

230 1264 1173 140 Duae rectae spatium non comprohendunt

144 1348 1125 163 Nam spatium comprehendere est esse prote

156 1415 1157 157 ambitum fiu spatii, id est in eo ita rediae in

160 1474 1169 163 pos, iri posse, ut denique per aliam

156 1553 1052 140 viam ad primum locum redeas  itaque

170 1618 1061 140 et si s digrediatur per viam

156 1672 1153 140 aliab punc eodem puncto per viam

167 1740 1055 147 qua primus ivit, alter per viam qua

172 1798 1059 135 primus rediit, sibi occyrrent;

184 1868 1036 135 ergo si una via sit per inam rictam

144 1931 1192 140 altera per alteram occurrent sibi duae non

163 1994 952 133 rectae, et ideo habebunt duo

1157 2003 170 94 L ina

186 2048 952 135 puncta communia digressionis et

165 2085 1283 156 occursus quod est absurdum. per praeced.

242 2192 1015 126 Duae recta quae unum ex inctum

188 2255 1078 143 commune habent sunt in nom plano

265 2349 1069 158 lanum  est nn rectae via

179 2447 1122 133 rectae ex tribus in ea via si opus est

200 2519 1422 147 producta punctis determinata determinata

237 2596 1109 142 Hin sequitu es opmacta non in eandem

240 2668 963 133 rectam cadentibus, determinata

212 2759 1003 121 uendi demonstratur partem plani

207 2824 929 126 esse planum duo plana quae tria

195 2880 1013 129 habent puncta coincidentia coincidere

198 2950 956 143 Si continuentur, ideoque inter tria

198 2985 1617 173 puncta quaelibet, itemq inter quatuor a plurae quaelibel

202 3076 1185 136 quaelibet in eodem plno non; nisic

226 3151 1012 124 unicum esse planum Duo planondo

216 3202 1081 129 non habere segmentum commune.

268 3265 1108 147 Duo plana spatium non comprehendere

202 3331 1067 158 (imo ostendendum est ne trin quidem

214 3457 224 122 Spatium

541 3422 406 145 comprehendere

1243 730 86 105 vis

1353 3326 39 70 d

1938 1213 334 93 Compotere

1982 1285 271 65 aleidere

1395 1336 830 98 spatium comprehendere est  viam

1462 1404 821 88 in se redeuntem. Duae autem

1488 1460 800 107 rectae non possunt iopponere

1532 1537 754 91 viam in se redeantem num

1495 1590 765 89 avi atila in unaq degres

1547 1642 732 100 nam habebunt d a

1532 1698 747 125 duo extrema cointentua, um

1540 1819 769 100 vimi alteram transitur, alteru

1569 1763 700 98 in quo ab uiu ut eprecta

1548 1875 721 103 in quo ab has ad illam

1564 1938 229 121 reditur

1880 1943 282 66 mmum

1765 1978 134 76 a

2405 78 1059 138 Omnia rectae cjusdem puncta

2391 163 669 123 sunt in eddem plano.

3163 163 231 100 Est enim

2412 242 1000 124 planum hujus rectae via extribus

2398 327 1124 139 Ona ractee puncta sent in eodem plano.

2336 415 1186 137 ineo scilicet quod hujus rectio via esse intelligi

2388 515 196 93 potq

2969 487 212 105 aliquo

2458 520 1055 119 Recta tota in eodem plano est i

2377 625 1159 119 nam via ejus tubus punctis determinatat

2377 695 1185 121 in eodem plano est, ipsa autem tota en

2370 774 462 107 in sua via est.

3485 779 117 72 b

2377 818 1073 140 .Duae rectae pundum commune habentes

2386 921 614 91 sunt in eodem plane

3104 900 397 91 Nam tia

2388 958 1094 147 puncta quaelibet, sunt eodem plano

2393 1040 1057 131 si duo ejusdem rectae puncta sunt in

2370 1096 1322 140 aliquo plano, reliqua omnia sunt tota est

2421 1196 376 98 in eodem pla

2855 1187 613 133 a Nam ex duobus

2416 1259 1059 124 his puntis et tertius extra rectam

2405 1322 1047 131 determinatum est punctum quod huujus

2409 1399 1041 126 rectae via est; id est in quo tota est.

2395 1460 1129 144 Duae rectae unum habentes punctum

2391 1546 1000 128 commune sunt in eodem platio

2428 1614 1347 165 Nam ex tribus punctis, uno comuni ipsis communi

2405 1688 1101 152 et duobus aliis cujus propris determinatur

2381 1742 1580 184 aliquod planum. In quo plano cum cujus qu harum rectarum

3578 1821 72 45 u

2398 1835 1119 126 recta duo sint puncta, in eo recta

3508 1908 33 70 de

3662 1852 107 81 rara

2400 1905 875 150 illa tota erit per praecedentem

3503 1924 353 119 plano superficie

2393 1996 1411 147 si duae lineae sint in eodem plano superficie

2395 2076 1031 154 et una extremum sit partis

2407 2155 973 152 plani sit pars ambitus sit pars

2402 2232 1017 133 ambitus cujus cujusdam partis plani

2407 2302 980 131 altera sit partim intra partim

2402 2365 1104 140 extra eam plani partem, dicentur

2393 2442 938 140 hae duae lineae sese secare.

2414 2498 1152 145 Hinc intelligi potest duo puncta intelligi

2428 2566 1141 135 se secare aut non secare, prout, in aliqua

2400 2629 1085 130 superficie esse intelliguntur ita si

2412 2687 1131 144 sphaericam superficiem considores, duo ne

2409 2741 1169 165 circuli magni se secant, sed alia superficies

2381 2813 1127 142 fingi potest, in qua non se secent, sed

2402 2913 220 77 fangant

2388 2915 1194 164 Grandius: Si daae lineae sint in eadem

2395 2983 1190 159 superficie eaque divisa sit in duas partes

2377 3044 1161 175 ita eut ab una ad alteram iri non possit

2372 3079 1558 207 nisi per han at unam linearu  e e t i ua altera producta

2393 3177 1246 158 sit partim in sun partum in alterae superficiei

2412 3240 1255 165 parte, dicenturha dua linca sese intersecare

2379 3293 1136 187 linea haec illam socabit i at dicetur

2384 3415 384 130 haec illam secare

2384 3482 203 117 si l

331 3982 800 65 COTTFRED VVILHIEIM LEIBNIZ BIBLIOTTIER

3972 3991 434 68 Sionaluu:. LN 3S. 1. 2. 1241. 120

326 4052 803 65 NIEDERSACHSISCHE LANDESBIBLIOTIIEE

3956 2295 49 51 t

4012 2269 247 68 posiquam

3489 2288 992 117 nec ita ut nn nec nisi hanc ambitus

3711 2356 709 121 partem alingat altigit
