5000 4480
1063 89 129 72 quisa

221 109 1116 139 Analytica inventa sunt, cum  non

199 186 1088 145 data re causa invent inve seffectri

171 263 1193 145 invenit causam, quemadmodum combinasoria sunt

179 345 1402 145 qui cum quibus data ta re sivecausa, incidit invenit

164 428 911 146 in ejus usum aliquem sive effectum

263 510 45 67 s

159 547 904 149 facile autem intelligitur, eot qui

251 662 1051 124 ausa antem cur majore meditatione

149 731 1083 150 in analysi opus sit, hac est, quod qui dato

151 950 1186 137 Duobus maxime modis homines inventores

144 1045 1195 134 fieri deprehendo, per synthesin scilicet et

146 1127 1136 129 per analysin; utrumque autem vel facultati

164 1194 1260 120 natura usuve comparatae, vel methodo deter

171 1281 1280 112 Combinatio le habet cum  nostro arbitrio

1030 1264 90 72 ddc

139 1356 1290 114 est cogitationibus nostris alias jungere cogitationes

154 1431 1240 99 ut prodeat aliquid novum, adeoque locum habet, cam

154 1490 1232 110 cognitarum jam rerum usus quaerimus, aliis.

151 1563 1178 109 rebus forinsecus assumtis, in quas ex sola

144 1627 1340 115 rei obllatae consideratione incidere non poteramus.

156 1704 1371 112 ita qui  vim magnetis versoriam considerabat

141 1777 1186 107 non poterat inde colligere ex hoc solo incidere

149 1839 1180 104 in considerationem navigationis; sed in hor

141 1904 1203 121 tantum, magnetem prodesse illis qui sunt

134 1976 1247 117 in loco ubi plaga mandi ignorari potest.

146 2060 1240 95 Tales autem esse qui sunt in mari, aut fodinis

122 2110 1287 115 aut desertis forinsecus erat assumendum, id est

119 2177 1402 117 instituenda erat Combinatio. Cum vero non pauci

134 2244 1208 112 omnes sint ingenio combinatorio praediti,

109 2314 1325 105 et plerique quae non intelligunt temere contemuant

122 2369 1262 124 credibile est multos hanc pyxidem velut rem

129 2454 869 107 pueritem initio irrisisse

176 2501 1143 134 Analysis est cum propositae cujusdam data

107 2590 1227 127 rei cujusdam proposito quodam copro media

104 2663 1138 127 quaerimus, quibus eum assequamur. ut

146 2740 1183 134 proposita aliqua re, ei immoramur

114 2819 1203 135 ejusque conceptum resolvimus in alius conceptus

119 2912 1170 112 ex quibus componitur, ac rei requisita

114 2966 1414 115 atque attributa ex ipsis requisitis inter se junctis nata

104 3036 1253 124 erudmus, aut etiam partem conceptus retinemus

112 3108 1195 115 partem objicimus, quae omnia pieri possunt,

99 3175 1424 112 sine ullo forinsecus assumto. Ut si animadvertam

94 3248 1240 119 situlam quam puteo extraho, sub aqua levem

87 3317 1145 107 satis esse, ubi vero emersit fieri graviorem

94 3387 1233 107 eoque magis, quo pars quae emersit, major est

102 3459 1182 117 hinc per solam analysin ducere possum genus

109 3529 1200 109 librae pevae exactissimae; quam autometram

117 3593 1170 115 appellare soleo, quia ipsa suum aequipondium

117 3653 1215 122 quaerit, nec pondusculis ultro citrove adjectis

131 3730 1258 105 iudiget; nam pro situla substituo pondus quodvis

104 3798 1253 102 per partes emergens, et qui ac proinde ex situlae

139 3865 1165 104 conceptu retineo tantum quod ad rem facit

1140 3915 500 112 re liquo abjecto

1459 1035 450 110 sive combinationem

2664 345 1362 127 sum saepe non sine atmiratione

2631 467 1158 115 cogitavi cum peraeque scientiae tanto

3047 547 237 72 antoque suces

2607 567 1177 124 studio colantur,, cur una quae caeteras

2622 657 1232 119 omnes potestate continet, ars inven foria

2617 754 1197 122 prope negligatur. Cujus rei causam casse

3727 686 685 116 hanc deprehendisse mihi videor

2587 828 1267 120 arbitror, quod plerique casui potius quam regulis

2572 913 1252 102 inventiones suas debent, ac proide generalem

2587 985 1200 127 inveniendi artem esse vix suspicantur. Quem

2582 1065 1257 132 certe errorem genus humanum magnis detrimentis

2577 1139 1253 125 luit: cum enime alia casu non nisi casu,

2572 1219 1173 137 et ut ita dicam fato consequi possimus

2564 1296 2087 122 nam si experimenta demas circa abditas corporum vires, ut magnetis poriique pulveris

2542 1366 1276 147 vires quae temporis  opus,  ac fati

2542 1443 1257 127 munus fuere neque in hominum suspicianem

2557 1513 1220 157 ut nunc sunt, in rerum cognitione suspicionem

2557 1585 1361 162 cadere poterant, qualia sunt vis parii patoeris,

2562 1657 1235 147 et propriotas verseria magnetis: haec certe

2559 1729 1245 155 sidemas, quae prae caeteris pauca sunt, caetera

2557 1792 1314 156 vel in lex observationibus facile parabilibus

2542 1849 1305 171 et in ratiocinibus inde ductis consistunt

2527 1938 1374 150 ratiocinationibus continentur qua statim ordine omnes

2547 2006 1212 151 fuissent in potestate, ubi primum homines Artem

2522 2073 1250 164 Inventoriam prout homines in arte inventoria

2534 2207 346 105 profecissent

3259 2140 488 124 Itaque non dubito

2514 2220 1455 166 si procederemus quemadmodum opoletet plura intra

2524 2307 1315 154 aliquot uno intra unius homini viginti annorum

2519 2379 1651 157 spatio inveniri posse etiam in materia argumnto materia

2524 2461 1387 147 maxime conjecturali ediam et summe necessaria

2509 2526 1325 162 qualis ipsa Medica est quam ut nunc agimus

2519 2585 1440 160 aliquot annorum millenarii dabunt:  et quoties

2517 2660 1429 144 pro certo habea in tanto nunc experimen cogito quantum

2507 2720 1738 154 nunc experimentorum exquisitorum apparatum habeamus, et quam parum

2492 2797 1337 147 toties inde ducatur ad usum vitae, toties nostram

2492 2879 1312 137 ignaviam negligentiamque incuso, et studia nostra

2509 2951 1350 145 illorum stultitiae accumm comparo, qui immensa

2500 3021 1287 127 collectanea; habent, indicem nullum. itaque

2500 3098 1317 142 uod si ita pergimus, accumulando experimenta

2524 3175 1211 137 tantum et hypotheses auribus secundas, sed

2492 3255 1205 129 iuspiam demonstratas concirmando tandem

2502 3317 1252 135 ipsa multitudine laboralbimus aut ad summum

2509 3372 1255 149 abrre potibus notris proderitmus, e aliquid,

2507 3459 1218 149 n praestabimus aliquid nobis nihil. Et si

2522 3534 1257 149 quam vero illud Sed et illud dolendum est

2529 3601 1171 157 passim exquisitis experimentis concludi

2527 3671 1282 139 ea tantum quae per se. patent, aut ex

2469 3748 1445 159 bparabilissimis obtervationibus concludi poterant

2504 3828 1485 141 certa demonstratione quod perinde mihi videtur

4116 2172 684 115 et quemadudum possemus artis

4200 2230 274 79 certae ductu

4394 4243 451 85 Signatior. 1t1 36. I. 21. 17I. 41

371 4246 859 72 COTTFRED UILHEIM LEIBNIZ BIBLIOTHIER

351 4323 884 69 NIEDERSACHSISCHE LANDESBIBLIOTHEN

4036 815 717 95 F aut sagacitati cuidam naturalii

4075 868 297 86 usu excultae

3954 1417 784 121 proscientia praesentis mensura

3899 1573 896 136 caetera vel obfervat

3861 1767 528 125 passim obviis vel

3931 1670 849 146 observationibus pasim

3853 3173 305 87 F fabricando
