2024 2530
434 22 1526 112 ergo duas perpendiculare_ a puncto E in recta AB eductam ad rectam et

435 54 1514 132 aequalem perpeddiculari a puncto F in recta cd eductae ad rectam CD

428 101 1556 147 sed ut tunc demonstraretur rectas AB et Cd nunquam concurrere, , opus

438 137 1487 162 esse ostendere multa adhuc hatrocinatione opus foret veit

427 188 1509 176 si quis prius ostenderet perpendicularem esse minimam quic a puncti

418 231 1525 200 dato ad E, ad rectam  cd duci potes. atque hinc colligere rursus

411 410 82 77 1E

532 276 1458 185 D minimam quae ex puncto 1 ad retam An duci potest s it esse necessarm

410 470 162 51 majien

584 324 1352 167 nempe ut angulus rectae E1 ad cd est rectus, ita ostendendum esse

1131 361 828 135 esse, rectum. Si non sit esto ipsius it urgulus

396 442 701 128 etiam angulum recta E ad A,

389 435 1493 176 in fad AB rectas quo ostenso probari posset regutam normalem ad sid

383 456 1597 215 in ad AB incedentem puncto L per A et rectam AB adeoque per punct

397 663 26 70 R

503 515 1435 200 transituram per KF, El, et adeo descripturam esse

1315 591 634 100 simplicier ergo rabio

449 685 286 86 ictam Cd

827 643 332 108 Haece egu eu

1352 652 496 112 et quidem talis. si

403 705 824 129 est hoc theorema demonstraudi

410 728 1334 165 rectae AB et CD congruunt admhartan BD

1314 751 672 121 velut in N, ad partes B,

399 811 887 150 congruunt alicubi concurrunt alicubi

392 825 1605 182 ead em ratione concurrent in p ad partes CA, quia congruunt AEFC

387 982 242 89 ut D, F, Ej

640 882 1287 155 .Ergo rectae AB et CD concurrent in dubbus punctis N et P

1108 930 899 139 Demonstrata hoc modo d propositione

394 1003 665 125 adeoque coteci quod fieri nequit.

417 983 1590 201 27. recte ostendit hirmins dicto ยง. 10, et sequente H, quomodo

361 1090 1016 169 hine consequantur propositiones 28 et 29

126 2428 377 35 SOTTFRED VILHIEIM LEIBNIZ BIBLIOTIEX

1397 2430 427 47 Signatur: LH 35, 1, S. 1104).52V

112 2459 399 38 TIEDENSACNSISCHE LANDESBIBLIOTHEX
