3326 4777
199 114 1560 156 Ex his intelligi pstest, si scimus quantum potentia

209 236 1526 122 data comprimere possit corpus quoddam datum, et

196 315 1680 144 quaeritur quantum comprimere possit aliud datum

220 416 1553 141 cujus ratio cognita est ad prius datum; tunc ita

233 498 1553 162 procedendum cogitentar quantum exploretur

230 607 1476 122 determinetur quantum utrumque corpus impleat

196 676 1622 154 spatii in statu nasurali: Quod si jam secundum

185 761 1627 159 minus spatii occupat quam primum tunc sumatur

562 772 207 79 aluratis

196 859 1547 168 pars ndi aequalis spatium occupans acproinde

591 854 396 77 imo. g. dimi–

355 939 1420 149 homogenea sunt corpora, ut suppono (nams.

199 1019 1727 154 seterogenea ut aer et lana calculo ad homogeneitatem

201 1111 1712 173 redigenda sunt) aequalis secundo. Cumque toturo primi

209 1210 1519 164 compressum sit in spatnum cognitum, cognoscetur etiam

191 1276 1746 178 in quantum spatum compressa sit dicta pars primi dimidia

2235 1348 79 50 ced

185 1377 2211 159 scilicet in spatium, quod ita est ad totum spatium aliim (dsmidia

199 1406 2986 210 ut ipsa est ad totum corpusnempe primum ca parte potentiae eandem quoqu ad totam potentia

2078 1518 1040 92 cationem servtnte seu dimidia

183 1539 1717 172 Jam cum secundum corpus non sit nisi tantundem comprimetur

154 1624 1685 164 et ipsum a vi data parte dicta potentiae in idem

1743 1711 56 93 3

164 1711 1505 183 spatium, sed prioris spalii dimidium. Ergo a

191 1759 1749 231 dupla potentia comprimetur in spatium quadmplum.

148 1894 1699 197 Hinc compressiones erunt in duplicata corporum

153 2048 306 122 ratione

825 2043 462 122 partes homogeala

193 2109 1609 170 Theorema: si, duo corpora Elastica, (id est tendibicia

153 2208 1813 153 aut comprimibilia) eandem vim perferunt effectus seu spatia in

1754 2266 342 93 quae comprimut

161 2308 1548 146 sunt in duplicata ratione spatiorum, quae vi nulla

329 2391 1369 135 ibita implent si inglentur. Sunto duo

97 2420 210 135 houdimen

148 2534 1537 96 corpora Elasticaspatium ab. illud

562 2465 1115 93 2 naturaliter implenstia aliud spatium hoc

127 2599 1781 121 spatium cd quae sunt, ut lineae ab) et cd. (1) aqualis num spataa

127 2680 1245 122 scilicet crassiticisroinde ut altitudine

1130 2752 64 66 non

1523 2677 210 91 Pondera

1494 2712 74 56 s

1868 2680 32 106 s

1961 2635 167 109 monam

1980 2714 98 88 ite

153 2752 1609 132 duo a. et c. comprimentia a qua li a e  et pondus cs

1953 2770 167 106 altitudi

130 2842 1725 125 comprimet corpus cd. in spatium de. (1) ajo corpus

114 2916 1659 128 ab. compressum iri ab eodem pondere in spatiam 1(1

132 2990 1646 154 quod sit ad spatimm de. ut est quadratum ab  ad

132 3081 1548 143 quadratum cd. () Demonstratio, haec est: sumatur

159 3150 1473 156 in corpore cd. parset is corpori abi cujus

159 3219 1707 162 eadem erit ratio ad cd. 1, quae est b ad cdpr.(1)

140 3320 1816 145 compressione totius cd () facta in spatium ed() pars

161 3404 1521 157 ef compressa  est necessario in spatium eg

100 3492 1716 138 cnius eadem est ratio ad totum nonum spatium,

148 3556 1582 162 compressionisd,  quae fuit ante spatii cf d totum

138 3646 1571 149 spatium naturale ed (1) Compresse autem est

103 3720 1978 162 orpus q haec parsant qu antea implebat spatium x

140 3818 1595 141 in spatium equ non tota   se eri se c. sed ejus parte

132 3903 1632 138 tantum. Quia idem pondus C. d etiam reliquam

119 3959 1634 178 totius corporis cd.) artem, nempe d.  in spatium

130 4063 1529 156 gd compressit. compressa est ergo pars cf.

119 4142 1497 151 in spatium eg. a parte  t ii proportionali seu quae

95 4219 1587 141 ita sit ad totam potentiam, ut ipsa pars cf. est ad

84 4257 2331 198 totum cd. seu ut spatium cf. vel fG. est ad spatium Cdvel ed. (seu ut t.

1239 4378 74 83 aet

114 4378 1552 157 ergo corpus ab ab eadem vi  parse scificet

114 4421 2314 212 potentiae proportionali in spatium b aequate spatio comprimetur

132 4538 2105 151 Sed quia vis ipsi iicumbens est majo ab incumbens est tanto major vi

2171 2704 92 95 calis

2173 2749 112 114 pinde

2633 2282 552 95 Zurus tubi stter glnsu

2617 2343 576 119 verita mid aha Brgdus

2635 2425 433 129 geusassosi
