3257 4800
898 106 451 102 diversarum virium

93 240 304 112 Experim. 1.

477 242 1211 110 si duo Elastica i eadem potentia

106 330 2132 150 (tendente vel comprimente) vim patiantur effectus potentiae vim afferentis

120 432 1907 141 erunt ut sunt spatia ab Elasticis cumvis a eorum seu Volumina

114 517 1454 144 Naturalia reci proce. Experientia hujus teorematis

101 605 1494 149 commodissime fiet in Elastisis liquido, quale est aer

112 677 1544 152 o Spatia Elasticorum  naturalia voco, quae occu–

117 770 1523 152 pat si vis absit. Experientia hujus theorematis tum

104 861 1533 152 in liquide tum in solide Elastices fieri potest

106 952 1566 154 liquido solido hoc modo Esto lamina ferrea Elastica

122 1050 1425 126 restitutione sua circumagens rotam, a. elevansque

122 1136 1470 133 columnam dentatam bc. usque ad  Esto

128 1221 1445 147 alia fortior elevans,  elevar circumagens

104 1314 1504 134 rotam aa. esselerans columnam 1b cc ad dd.

101 1394 1552 147 Quo facto ad comprimendum denuo elaterium

122 1480 1494 141 imponatur utrique columnae cd. et cc dd. pondus

117 1560 1528 162 ef velf et columnae cc dd. pondus ee fs.

234 1669 131 83 ponat

106 1658 1691 160 pondus ef descensurum columna m depressurum ess

146 1733 1523 173 exd. in g deprimet idem pondus vel ei aequaile ees

122 1813 1606 184 columnambb cc. ex dd. in gg.

2174 1914 346 88 tanto minor

130 1904 1670 176 et lineaddgg. per quam depressa

90 1986 2441 182 est collemna major ddcc. erittanto minor linea inla

109 2072 1584 173 dg. per quam depressa et columna minor dc

117 2168 1563 176 est quanto columna ejus est columna alterius

136 2325 274 85 major.

472 2242 1307 166 Ratio est ququia effectus omnes sunt

152 2296 2590 210 data potentia aequali effectus sunt ut obstacula id recipro ce Obstacula autem hoc loco

133 2421 1582 176 est hoc loco vires sunt vires contrariae, hoc loco–

160 2549 466 117 Elateriorum.

120 2570 1784 214 Exp. 2. Potentiae dine lo eidem Elaterio applicata

712 2677 496 109 juidem erassitiei

117 2728 1775 141 pondera diversa eidem Elaterio, applicato, nunquam

130 2802 1779 160 descendunt prase, ut punctum utpraecise pendeant

160 2871 1793 174 ex puncto nunquam descendunt n praecise pendent ex

1312 2954 133 86 vidam

136 2973 1776 160 ex puncto suo summo ex puncto summo Voluminis

152 3053 1741 168 Elaterii naturalis. Ponatur in fig. 1 i columnae cb.

226 3186 62 78 eo

1085 3141 46 72 O

1173 3149 70 61 eci

109 3149 1686 173 Elaterium pressisse descenderr columna

186 3224 1521 189 potueritpraecise infra d. dico hoc

205 3304 1632 181 punctum d. punctum summum voluminis Elaterii

154 3386 1785 187 naturalis it ut si restituendo se per lineam ac

157 3482 1838 190 assurgere credatur non sit assurrecturum ultra d.

162 3576 1699 170 Et si columna b nec gravis nec levis esse supponatur

152 3674 1720 163 ut si aequalis columnae contrapondio retineatur

154 3765 1759 147 columnam non iri elevatam nisi exacte in c.

130 3832 1649 221 Et si columnae fc. quantumcunque pondus aequalis

176 3984 1024 146 Hoc Experimentum verum est in li

2051 1386 296 54 Inatale

1713 1411 1026 111 Et esto spatium Elaterii a. ad spatium

1827 1493 1012 120 natunale Elateriia a ut ed ad ced

1882 2685 1254 123 ita altitudinis quantaecunque eidem

1929 2837 1221 158 o quodam ex eodem idem Elate.

2752 2461 254 85 homo enea

2091 2557 1021 125 op. 2, Pondera cousa dijusitem

2187 2616 936 120 crasitic, alttuda

2051 2762 1021 123 Elaterio ex eodem applicata

2075 2920 1053 117 rium pondere suo prementia

2123 3005 1021 117 nun quam puncta n pun–

2155 3082 928 115 cto suo summo nunquam nec

2165 3149 993 120 ustra nec citra punctum quoddam

2165 3218 926 126 determinatum consistnt.

2152 3285 958 136 ponatur infig. 4 coluninam 7C.

2141 3373 1001 131 pondere suo eousque pressisse Elaterium

2141 3458 1001 126 d. donec punctum ejus summum f

2149 3528 953 117 pervenerit in d quod praeterire

2147 3602 965 126 nequeat. Ajo pondus quodcunque f

2152 3685 987 115 ef superadditum ejusdem crassitiei

2139 3762 1019 99 altitudinis quantaecunque, nunquam

2133 3821 1011 125 descensurum  puncto suo summo

2045 3896 1086 101 e ultra d. et totum ec. quantum

1280 4000 1846 165 ita demonstratur: cum pondus d fcrlaterio ex altitudine d.

2104 3968 1040 120 cunque quasi desuspensum fore. Quod

1572 4109 1439 107 sit in Elaequilibrio cum Elaterio nec ultra descet

1587 4173 1539 123 possit, ex hypothes, ideo E omnis ut Elateri

1584 4242 1552 126 ita et  ponderis omnis vis mutuo periit Quicquid

1562 4312 1609 125 ergo addetur, effectum suum libere exercebit, descen

1560 4378 1550 123 detque, dummodo sine ullo renisuat sempe

1579 4464 1384 120 Fe aut aequivalius impedietur a descens

2184 4456 187 64 eadem a

2534 4456 133 66 has

2910 4450 128 72 pd

1565 4525 1627 139 quod si veroa aequateat  ob crassitiem divesam

2307 4610 469 111 id est ei simile

2813 4623 153 96 11
