4069 2747
639 109 1276 109 delur ergo antea perpendiculare, vemendum

567 182 51 98 ad

671 190 1256 113 planum, quod obilinetur motu rectae ad duas

668 267 1242 120 nirca punctum transcuntis per per rrectam

691 352 842 122 seu est id quod ex tribus punctis

1567 322 383 105 leterminatur

718 456 109 96 vel

889 430 1130 131 x motu rectae duas parallelas ae mcc

425 561 216 95 utragen

688 488 1325 154 et umbas eodem modo et ambas normalits Hoc

1604 557 358 103 Ostendendum

673 590 816 124 recta ita mola describet planum

1666 642 278 87 Quae duei

648 663 995 142 est in hoc planum adere omnes rectas

680 721 1278 133 possunt r duo quaevis puncta in parallelis

695 788 1293 139 qu Hoc ostendi pt quia describi at haeclinea AB

682 894 297 65 motu ipsiqst

1947 888 24 62 n

676 871 1247 131 movendo scit punctum in linea describente ML

697 924 1271 147 nam descubetur linea recta hoc est ostendendum

656 995 1248 141 eaque pervenit ab A ad B, et utq semper panet

674 1048 1343 162 punctum deseubens in plano quia semper manet in L

709 1123 1244 140 ostendi autem pt hoc ex nabum similitudinis

668 1175 1331 149 quida non possunt discerni ALN, et AL) (N) ergo et via

642 1226 1368 162 nempe via puncti L per AL() est sibi similis et via ipsius

615 1292 1366 139 LM, et via, ipsius L N in LM ergo et via ex his

610 1370 940 117 determinatu  AN(N) Ergo est recta

695 1408 1304 122 omne Triangulum determinat aliquod planum

627 1458 1349 141 seu rineulu non p esse seu Tria puncta

613 1539 998 109 non possunt simul esse in duobus planis

688 1564 1306 139 planu ubiqus sibi simule est patet ex modo nostro

662 1619 1251 166 generandi. ia ut non sit nisi extremis discerni

630 1738 456 84 duo plana possint

438 1721 1541 179 demonstrandum postulandum unu, extremu immoto rectam

1320 1793 625 103 seu continuam daci linea

680 1843 554 119 in plano posse moveri

650 1849 1360 150 cujus quaevis puncta se eodem modo habeant ad punctu

647 1903 1329 152 videtur ostendi posse, quia si in recto moveatur tun

622 1950 1325 165 luo educta infinilae recta ex puncto educi possunt ci

656 1993 1305 193 plano, et in qobibet sumi pte ex punctus rcta dato

660 2060 1354 168 aequalis Et locus horum omnium est linea circularis

1292 2101 737 134 Hinc Jam habicur circuli possibillas

750 2193 477 90 den erationes

677 2179 1342 152 demonstrata. Et saslicet eo uti, ad cortera absolvenda

2362 186 376 65 ostulabum.

2811 177 935 82 possibile est continuari eodem modo

2293 253 382 78 Similia sunt qua

2312 274 1299 117 Recta est via puncti via sibi similis, ita ut

3524 326 200 63 qu cunque

2442 344 1463 121 N sumentur fria quacunque puncti moti loca, 1A, 2A, 3A, dico

2547 425 1387 110 si cadant in lineam rectam non posse discerni viam A2A

2539 488 1446 116 a via A3A. sed si non essent tria puncta 1A, 2A, 3(A

2532 557 1318 112 in eadem recta, ut +B 2B, 3B, poterit discerni via

2527 621 1410 145 Sutuuntur p sit punctum A, quod motu suo describat

2530 709 1424 119 lineam rectam A A sumantur in ea puncta quotcunque

2524 773 1422 141 et quaecunque, ut 1A, 2A, 3A, 4A etc. non  reperietrr

2515 849 1515 136 modus discetvendi unam partem viae ab, modus discernendi

3365 930 66 52 agi

3492 923 48 50 vel

3650 909 38 49 ut

2539 915 1461 151 Res viam 1A. A3 a via A3A 1A2A (1A3A, 1A4A etc.

3510 981 435 96 Et si Et siA

2539 1013 902 117 nam et similes sunt, ut similiter sit

2562 1082 872 114 Et si A respicies ex 2A, vel 3A

3528 1042 437 105 Sed si  linca

2535 1136 1408 121 non sit recta assumi poterit pars 1B2B, dissimilis parti

2561 1265 149 65 2B3B

3086 1179 947 109 Hinc sie i si quod punctum in linea recta progue

2530 1214 1505 156 dlatur, et ex puncto loco quocunque consideretur primum, null potest oum nihil potest

2724 1231 331 82 vel 3B4B.

2333 1277 1618 151 Recta est possibilis. Nam (per postulatum, possibile est eodem modo

2518 1341 1216 148 continuari puncti viam, adeoque esse sibi similem

3629 1356 404 77 sem non claudit spatiu

2390 1408 1610 163 precta nondo claud non redit _ redit ad idem punctum

2530 1481 1226 151 (adeoque nec est in se rediens, nec secat seipsam

2518 1530 1464 177 Nam cum sit ubique similis sibi, _ adeoque et pars similis toti

2503 1614 1533 173 in quavis parte esset regressus ad idem punctum, adeoque, perpetuo

2513 1755 397 90 in eo haere retur.

2954 1668 1053 152 itaque linea similis sibi nullum habet punctum

2524 1809 545 110 ad quod red reditus

2494 1813 1451 187 Duae rectae (non comprehendunt Lpatium, seu s dnon

3556 1900 403 86 Nam si angulus

2542 1941 937 117 se secant in plus quam uno puncto.

2473 1964 1493 160 si duo puncta ex communi similitar progrediantur similis exs

2486 2028 1489 168 angiulus sibi ideoque nunquam aut nunquam spatiam Claudet aut

2483 2116 1215 157 semper ad est non progredictur, quod absurdum est

2554 2200 1072 130 itaque datis duobus punctis dabur rectae

2558 2305 422 105 etaque nont omne p

2075 1271 55 47 et

2055 1312 234 61 notari, ex quo

2052 1358 203 65 pateat nos

2054 1417 200 38 an mnstotum

2054 1446 201 52 esse locum

2058 1469 231 61 vel contillam

2069 1516 226 66 progussionem

2074 1574 221 76 Ce gadtam

308 2562 681 52 GOFFREDVVILHELM LEIBNIIZ BIBLIOTHIEI

3432 2571 438 41 Signatur: LH 3S, 1, 14. 72151.108

309 2621 693 51 NIEDERSACHSISCFE LANDESBIBLIOTHIEK

2063 1787 377 48 in circulo omne parom

2072 1819 344 79 est punctum reditus

2148 1874 142 32 du b

2271 1919 19 32 s

2057 1929 391 86 in alia aliquod, ut a, b

3722 2152 78 112 sa
