5000 4376
351 77 2107 81 omne Terminatum est extensum. Omme terminans est extremut Terminans habetsuum terminatum quod

1901 102 545 65 terminates Terminatum habet suntur

1330 102 61 56 ius

1432 114 46 53 ad

1160 116 24 46 n

1230 116 153 88 Pirierius, stile

1490 104 161 88 idedn

1785 126 586 100 nem terminaus a quo terminatur

328 114 892 114 ve Termineus in est terminato sed penens in

131 179 1692 100 uncium est terminans inutm itaque non had est terminatum seu non hatet terminar setum

121 228 1299 100 Linea est terminatum imum. itaque non habet terminans terminatum

131 260 1977 119 superficies est terminans summum. itaque non habet terminatum terminans non habeta terminata et nie

128 277 1900 169 solidum est terminatum summum. itaque non est terminans, seu non habet_ terminatum

4180 34 326 72 Extensum est quod

4530 41 117 73 ositione

3404 89 1250 115 quod habet positionem habet, non exfensionem, vel partes et magnituo

2893 187 302 97 Functum

3334 187 63 77 A

3409 136 1476 131 (in quu nihil aliud, quam ipsum si ve sit inuam

2952 211 442 114 Si congruerum nnum in alia sit

3441 218 416 59 mciditut hinc punctum cor

3470 175 1384 145 A sit punctum, coincinent  et A. objictes areulum cntadu

2974 262 435 117 Si B sit in A,

3898 228 798 117 et tamen puncta non sunt Rsane unes

2913 313 700 134 contactum contactum, aliaque qac

3604 277 1252 138 erso vel line punctum est extremum, quod aliud extremum non

2915 376 569 122 Contactus, po puncto sole esse sed

3903 359 919 173 cdiq punctum est quaevis punctum est. Atu

2910 381 925 166 habet opus est tineis sed in definitae quantalistunque

4100 469 29 53 C

4693 481 168 100 + aliquid

2655 444 1192 211 hnc est punctum inea  via puncti vel finea est cujus

2945 488 1327 197 sectio est quod duabus partibus comune est sed pars non est

4180 512 474 134 detracta amajone vel

2932 556 1180 178 Pars, qu hom.geneum ei in quo est, quod vocatur Totum

4263 573 610 129 etractu aA, restat aliquia

4447 634 385 92 nec cum B coincidenti

2930 605 1172 168 pomogene est sunt cum magnitudine majoris aldqua

2930 651 1296 180 Mtnore nomus se d A et B, si unou _ ut B aliquoties

2925 787 304 107 minus ipso B

2986 692 1787 280 masts est. Minus est A, quam B, si A sit aequale ipsi existenti in _ B

2969 880 712 155 eAvocet bitur minus, B majus

3047 802 1692 287 Aequale est quod cungruum fieri potest transformatione si opus sit congruum fieri

2971 901 1520 263 qud congruvm fieri potest, _ si quantum opus est salva magnitudine mutetur

3064 909 1758 299 posset etiam homogeneum definiti, quod  salva magnitudine simi transformatione

3005 1147 394 136 simle reddi potest

3078 982 1705 342 extremum linca est punctum, nam extremum lineae A est sectio lineae B, cujus

3027 1113 1455 263 ais est linea A Extremum est quod Extenso in est _ cum ali

2954 1183 1408 258 e H est extremum extensi B, si ipss B commune sit cum ipso C,

2940 1162 1935 350 si A et B non habeant partem communem, habeant tamen commune C, id erit extrem

2937 1244 1900 316 eorum commune, idemque erit sectio totu ex ipsis compositi. Hinc lineae extremum Et

3988 1383 851 185 quam L et M, si a A et B possint in

2947 1368 1508 258 punctum, quia iptus Rctio  linea _ cn cui in est; punctum A

3047 1502 934 202 Di Magis distant, quo A qua et B

2947 1480 1731 304 simul esse in puno C, H at vero L et M, in eo vel aequali sim esse non possum

3516 1660 219 87 A..B, AB

3759 1543 1051 214 puncto ad punctum duci potest linea major

3183 1701 564 136 A Linea quavst a

3232 1614 1546 279 assumatur enim aliud punctum C quod magis distet ab A, quam B, et

2935 1679 1877 309 lixcae quam quodvis punctum lineae A.. B atique iea fie ACB major erit quam inea A. 8

3497 1789 1245 202 linea ad a puncto ad punctum potest duci minor:

3086 1947 272 102 Non quavis

3480 1862 1383 214 punctum A et aliud punctum B, dico, dai  lineam

2847 2008 479 116 Esto linea A,

2874 1932 1970 265 AB, qua non potest  duci minor ab A ad B. nam si qua libet linea possit duci minor

2879 1998 1924 260 non posset aliud alio magis distare, _ cadere enim possent cum enim linea

2876 2054 1946 275 quantumvis parva, d cadere possit in extensu quantinquis parrum, duo quaevis

2889 2122 1952 275 puncta in extensum quantur parvum cadere possent, adeoque non posset diei

2867 2316 695 115 unum alio magis distare

2976 2246 1921 258 ostendendum jam esset, non esse plires aeque minimas a puncto ad punctum

2867 2450 270 122 duci posse

3258 2418 567 95 cum ninaq a puncto

2957 2382 1914 255 si linca salica magnitudine extendatur quantum fieri potest, linea est

2847 2465 2053 238 grima inter duo extrema prodit non nisi unica Eadem linea est minima

2859 2533 2014 233 inter duo extrema. paeritur an aliae possint, esse inter duo puncta huic aequales

3159 2722 46 71 e

3241 2606 1644 194 sit alia AC ea si diduci amplius non pt, coincidet pricri, nam quae inter duo

3290 2674 1622 199 puncta deduci non pl unica est. si diduci potest, non est minima

2864 2759 1875 216 si linea AB extendatur, linea AC vel AE indefieri possunt, sed ea congruunt inter se

2859 2834 2063 195 nonamus dum extenditur linea AB, quodvis ejus punctum transire per linea Puncta B

2852 2963 1493 114 in quo initio est B. ita ut AB transeat in AF2B. ita E peniet in F

2959 2968 1907 175 Onarum linearum aequalium maxime extensae sunt aequales. itaque si AB

3297 3046 1639 143 et AE sint aequales et extendatur AB in AC, et AE, in AF aequales

3307 3126 1593 114 sunt, AC et AF, et tranfferri trans ferri potest A A ut AC

3307 3182 1617 109 ita ut AF, eo ut F cojucidat ipsi C. nam si AF non potest

3309 3228 1610 119 pertingere ab A ad C, etiam maxime extensa, erit minor quam

2555 3277 2350 150 aeo pertingit) contra hypothesin Et a dici potest lineam minorem esse quae maxime extens

2582 3323 2284 153 ad id punctum a dato pervenore nequit, quo alia pervenire potest. sed hoc possemus perfecle

2619 3374 1933 166 Semonstrare, si constaret duas lineas inter duo puncta aque extersus coincidere

355 4142 885 68 COFTFRIED UVILHIELM LEIBNIIZ BIBLIOTHIEX

4377 4149 447 68 Disnalur. LH 36. 1. S. 1031.50r

335 4220 905 63 NIEDERSACNSISCHELANDESBIBLIOTHEK

4603 3685 105 71 se
