3294 4787
814 87 340 104 circa Vacuum

178 156 1516 139 Experimenta Pneumatica quibus Illustris Hugenius nuper

149 252 1644 138 rem literariam auxit occasio admonuere ne quarun

180 345 1506 141 dam ratiocinationum atque Experientiarum, quas

186 412 1543 167 in eam rem sum dudum meditatus, et quibus sumtis

156 486 1768 170 oumia oumes in htac nersti cintrovesiae niter sus

1865 577 42 42 t

167 577 1743 178 demonstratione dirmii posse videntur. Quod intelligatur,

164 667 1512 176 res altius nonnihil repetenda est. Recepta fuit in

170 776 1312 154 scholis sententia effectus quosdam

170 906 423 115 in infinitum.

178 912 1556 186 discipulus Galilaei Torgicellius phaenomeno quod ab autore

188 1015 1472 176 Torricellianum quibusdam Baroscopium (quod aeris

191 1085 1474 186 gravitatem mensurare a mensuranda aeris gravitate

220 1155 1522 195 appellaturdetecto vium aperuit ad investi,

191 1188 2432 248 caudamhorum effectuum causam. Mercurius enim 27 minimum aut 30 pollices altus

204 1295 1549 207 inTubo Torricelliano non tantum a summitate

191 1369 1645 210 avellitur, etsi nihil sensibile in ejus locum extrinsejus

172 1468 1650 199 succedere possit, sed et quemadmodum Emboli antliarum

199 1529 1551 202 ab aqua nimis elevata tandem aelluntur; sed etiam

231 1598 1479 223 se longe altior sit his 27 aut 30 pollicibus, residuum

220 1683 1488 215 delabitur ex Tubo, (solis his pollicibus in Tubo suspensis

191 1776 1549 199 manentibus. Si minor sit 27. pollicibus avellitur

170 1842 1721 216 quidem. Haec duo  phanomena antliae et Tubi Torricelliam

170 1922 1559 205 cum exacte ipsis etiam numeris concordarent est enim

162 2010 1594 197 Mercurius quaterdecies altior aqua, et proinde

186 2066 1572 202 etiam qua altatudo ejus quaterdecies aquae altitudine

162 2148 1600 202 munor id est 30 pollices Mercurii loco 31 pedum aquae

186 2233 1506 197 ad avulsionem sufficere debent, quod et experientia

180 2303 1506 196 confirmavit, suspicionem validam inje argumento

188 2374 1506 218 fuere eandem utrobique subesse causam lumque postea

234 2467 1413 200 pascatius pere clinus perierius ingeniosissimi

210 2540 1599 185 pascalii monitu ostendisset, minorem esse altitudinem

220 2606 1541 199 Mercurii ad avulsionem sufficere, et ultra horizon

186 2688 1588 197 tem sub in subjecto vase stagnantis eminere, quanto

2022 2829 1013 64 in Tubo Torricelliano elevare

223 2733 2961 226 Cum locus est altior, jam procerto haberi co epits aeris contrapondium tum aquam in diphone, tum Mercurea

268 2858 1482 173 Hanc sententiam Otto Gerickius in Germania egregiis

212 2920 1437 180 experimentis confirmavit, ostendit enim non

204 2981 1509 199 aeris tantum densitatem aut raritatem, sed et ventos

168 3050 1582 205 Baroscopii altitudinem variare. Aerem enim ventorum

169 3122 1603 212 motu sustentari, quemadmodum in aqua agitata videmus

175 3186 1525 220 corpora natare, quae in quiescente subsidunt. Idem

183 3279 1485 207 corpora  sola aeris gravitate cohaerentia nec

191 3356 1514 197 24 equis divelli posse monstravit etmachinam

191 3406 1658 232 illam admirabilem Recipientis Magdeburgici (Magdeburgi

172 3497 1512 210 enim  degit autor) nomine notam primus detexit

186 3576 1476 211 qua aer ex vase aliquo hauriri potest, cujus usum

199 3643 1533 221 postea Illustres viri, Boylius primum in Anglia, deinde

215 3731 1432 202 Hugenius in Batavis Galliaque egregie promovere.

226 3813 1458 200 Boylius ostendit ad praeterGravitatem aeris vim

191 3869 1501 215 ejus Elasticum ad effectus fugae vacui vulgo ascriptos

178 3957 1516 207 esse exhibendam; nam ut descensu quod in aere

210 4026 1447 186 libero totam columnam atmosphaerae elevat,

199 4087 1708 215 id  aerem clausum ultra quam columna atmosphaere

215 4223 828 154 potidit, comprimere potest.

223 4231 1610 202 At Hypoltesi  non defuere qui se Hypothesi

236 4337 1514 160 de Aeris gravitate opponerent, ex quibus quorum

244 4417 1706 170 Doctus Hyperaspistes, Franciscus Linus Funiculum quendam

244 4483 1708 172 introduxit, cujus hic sensus est in Tubo Torricelliano

1186 4560 237 106 Mercurius

1795 465 1275 112 stus nunc prublice proponere operae pretium mihi

2056 542 1030 97 videtur, sed ut earum intelligatur

2112 619 367 78 vis ac ratio

1850 2231 949 135 quod antea consectula invaluerat

1769 2446 1144 123 in celso quodam Arverniae ponte facto
