2468 2766
193 109 2125 115 fera un effect tout contraire si don fait toudher les secondes surfaci

142 204 2170 97 d'un rubis a e l'eau mise dans un seau, ou duns un vaisseaux dout le

152 271 2157 114 fonds n'ait point dectat, cur alois la vivacite de la couleur effacera

142 336 1625 118 presque entierement. Car ca proportion de larxfraction

1799 338 512 90 du rubis acelle

138 411 2139 122 de l'eau est foit petite, ansi la pluspart de la lumere possesans de

158 467 2167 133 la pierre dans l'eau sans reflexcon. le mence, e fera dung le Emerande

156 528 2155 165 et saphurs et encor plus e sen siblement dans des verie colores

1967 626 311 85 que si

156 628 1737 134 car la refracton de l'eau au verre est comme 9 a 8.

196 739 755 110 l'on met des fenilless

1865 711 460 109 sos les vitres

1784 802 545 72 aves autant deiis

204 795 1515 131 colaspiees pretenses ils pourront parvistre

459 902 61 50 Expd

201 862 1968 150 si leur couteur est aussi belle a cause que la lumiere coloree re

2252 922 77 66 era

225 971 1992 140 loute entiere iissi bien que travers du verre qua b

216 1103 776 92 travers de la pierree

212 1112 2076 168 Mons. Trocut in a fait Veir une petite pierre de crisal de roche

198 1203 2068 183 taillee a huit paus dans tonte la quelle il paroist une fort belle

190 1283 2069 187 couleur de rubis d'orient, quoyque la couleur ronge, qu'il y ca

208 1376 2084 185 appliquee par le dessous soit d'une epaisseur imperceptible

165 1456 2135 192 le tranchant des vines arrestes les degres et facettes 'en essant

216 1532 2073 192 point altere cette pierre qui en elle meme est toute blanche

159 1608 2100 194 estant mise dans un chaston avec une feuille dessous de la même

165 1678 2163 218 couleur rouge Exssemble parfaitement au plus beau rubis

1565 1773 707 118 mises sur le deriere duverre

136 1876 298 94 d'orrent

476 1847 733 115 qu'on puisse houver

195 1959 89 61 p

673 1937 24 60 s

193 2011 94 74 at

331 2000 126 91 B.

517 1867 1775 195 les pentures de couleurs diaphanes, que j'ay fait faire

2037 1988 291 60 pourtent

165 2076 73 50 sidm

192 1988 1824 187 a paris par M. schick et dent ,'ay des echantillons

175 2046 2107 219 seroul incompariiblement plus belles si lafede on pedynoit

175 2120 2122 223 la fenille de derriere dergent brani, des mêmes couleurs princi

204 2240 1228 189 palement aux plusbeaur enduits +

1381 2324 65 56 uf

1624 2277 135 55 V
