4902 4400
2811 136 1269 128 re Mathematica in universum sive de Numeris ac Figuris

2554 300 1433 120 Motibus alit aliisque rebus mensurabilibus communi agatur

2628 220 1379 122 In Generali Mathematica, Numeris, Figuris, sive de

2550 393 1450 117 Omnia problemata huc redeunt, ut desidenatae quaesitae

2550 471 1442 125 cujusdam magnitudinis imcognitae valor reperiatur, quantita

2550 557 1198 125 per alias cognitas. Valor autem est modus

2552 647 1183 110 operandi circa magnitudinem datas, per quem

2552 716 1543 115 ex illis prodit quaesita relatio ad alias cognitas

2552 779 1545 130 reperiatur determinatio per alias cognitas reperiatur talis,

3173 855 66 71 va

2564 867 1434 127 quae sufficiat ad lucgnitae ipsius constructionem

2540 955 1342 110 dufficiat. Determinatio autem est enumeratio

2535 1026 1283 118 conditionum, quibus quae sufficiant ad rem unam

2535 1090 1420 129 ab aliis distingvendam. Constroctio vero Productio

2532 1170 1455 120 est operatio quaedam cjs effectus certus est

4537 1228 208 52 stitur

2523 1239 2220 129 ac exacta cujus effectus cujus requisita in potestate sunt, et qua cersum aliquid producitur

2528 1354 190 68 suut.

2799 1307 929 135 Ex omnibus a  determinatignibus

2525 1398 1181 112 magnitudinum, simplicissima est aequalitas.

2525 1461 1242 123 Nam quod datae cuidam quantitati aequale est

2528 1527 1190 108 determinat aut earum aggregato aut producto

2523 1586 1259 127 aequale est F id utique eo ipso datum est. Cumque

2547 1654 1257 120 ignota ex potis sufficienter determinata, valorem

2532 1730 1328 108 etiam habeans datum, sequitur ignota tum demum

3119 1733 66 51 iin

2537 1796 1399 118 perfecte cognita haberi, cum eorum Valor est inventus

2512 1865 1413 112 Mantestunque autm est lavento valore es ipso

2515 1936 1363 107 inventam esse et constructionem, quoniam datarulu

2513 2011 1257 110 quantitatum constractio habetur, valor autem utique

2515 2082 1277 113 cognitus intelligitur fieri per _ quoniam valor

2518 2153 1244 98 condo est quantitas quaedam expressio quantitatis

2530 2192 1535 127 t quant productionet quassdam ex datis quantitatibus facta

2532 2270 1223 98 per soperationes avithmeticas, quae sunt calculi

2532 2324 1198 120 quas in numeris simplici semper peragere licet

2540 2383 1176 134 quales sunt additio subtractio, multiplicatia

2535 2493 227 90 divisio

3513 2464 151 80 initios

2562 2510 1212 132 An autem problema ea propositis conditionibus

2523 2591 1161 110 satis determinatum sit, quanquam multis modis

2510 2644 1242 125 praevideri possit, nullum tamen certius generalicus

2501 2710 1278 128 indicium est, quam ipse eventus, si ex illis certa

2506 2778 1282 128 quaedam productio supeniri potest, ad quam lic

2515 2831 1279 136 per datas quantitares, praescruptumque modum operandi

2513 2904 1183 119 certum procedens, inveniri potest. facile enim

2510 2952 1291 132 apparebit intes protucendum, an id quod producitur

2518 3021 1398 127 unicum sit uniu unum sit unicum an pluribus modis vero

2518 3092 1227 124 quaecilom satis fiat plura prodeant, quorum

2515 3146 1323 127 unum non minus quam alterum quaesito satisfaciat

2603 3209 1233 117 Itaque cura hoc unica ad in hoc unum tantum modo

2496 3280 1406 130 incumbere debemus, ut ex conditionibus initio propositis

2508 3353 1188 137 inveniamus determinatam quaesiti productionem.

3601 330 439 92 propositis Conditi

3994 391 736 101 productio quaesiti, sive certus

3874 459 935 110 operandi modus quo absoluto,

4024 708 794 91 nihil aliud quam l modam

3911 884 201 86 Produo

4004 322 636 98 nibus desideratis reperiatur

3871 523 942 105 ipsis conditionibus  sarisfalum esse eadem

3999 596 839 86 opera sit satisfactum. Est ante

4058 652 799 93 hoc loco producti Conditio nihil

4200 779 609 54 decundum magnitudinem

4212 811 655 86 Operatio vera est per qu

4018 921 150 59 ed

4158 877 695 125 ne prodctionem teco

4505 977 361 71 cognoscitur aiae

4122 1024 677 109 relatio quaesiti ad datum

349 4172 861 69 COTTFRED VILHIEIM LEIBNIZ BIBLIOTHIER

4276 4172 469 78 Signatu. 11 36. 1. 27. 151. 31

344 4248 868 66 NIEDERSRCNSISCNELANDESBIBLIOTHEK

3964 1532 673 142 + sive cujus Valor est dato

4115 1857 449 98 modus fractandi vel

4121 1943 424 63 dlatas, vet carum

4107 1732 623 84 involvens magnitudinem

4107 1791 658 101 Operatio autem est quidam

4601 1877 205 88 rem ipse

4623 1936 188 105 urcadem

3939 2014 219 128 Opeatiuet

4630 2011 166 61 quae

4070 2070 215 111 potest oper

4471 2075 328 78 Etacnistitui

4136 2126 431 96 pocdbet) ut pl

4591 2124 230 85 ag. pera

4134 2182 692 88 e gantur circa characteres

4122 2236 625 91 novissime cirta rem

4151 2300 621 76 ipsam, quando ad eam

4124 2358 685 81 denique accedendum est, pauca

4117 2407 638 101 agenda supersint elti si

4126 2481 729 80 valorem cujusdam ineae quaesitae

4131 2527 704 95 post caliculum in dumeris re=

4134 2586 704 85 periamus manifestum inventam

4151 2635 682 90 longitudinem in scala tantum

4178 2698 604 91 quaendam seuudum sumi

4195 2796 584 76 absuluutur sive operatio

4239 2735 565 98 debere, ut constructio

4162 2835 634 105 cincam linearis era abso

4161 2889 630 100 vatur; vel Interdum

4070 2930 768 152 quae tamen pestet constructio ipsa

4153 3016 181 88 lineuris

4342 2996 379 98 satis commoda

4124 3055 699 120 brevisque est aut elegantiam

4141 3116 665 103 habet petieliarem. Quar

4136 3170 646 110 ita instituendi sunt cha

4122 3243 657 98 racteres, ut etiam con-

4109 3302 616 90 structiones per ipsas

4124 3366 601 100 cognosci possinti onde

4098 3427 647 141 commodissimeaque engantur.

3849 1905 257 55 quam Bcode

3849 1931 271 77 oconstructionem

3757 2710 137 86 datis

3718 2769 433 100 certo a di proesriet
