4050 2698
521 79 841 100 ad Constructionem Geometricam.

1407 74 540 90 ne neque enim ad eam

499 139 1484 124 alius postulatur, quam extensum moveri posse uno puncto manente

508 196 1482 141 immoto hoc est in rcepatio posse describi superficiem

506 286 1423 111 Spharicam in Plano lineam circularem; cirra punctum

527 376 955 103 datum. quae constructiones sunt omnium

1504 338 482 93 simplicissimae. Quam

526 400 1373 151 quam nec superficie phaevica integra deseripta opus sit

536 446 1468 165 hec circuli arcu, sed  sufficit duo cees extensa congrucutia

523 508 1427 154 punctis A et B (vet C et d) appli cari, et applicato puncto immoto

530 556 1460 154 ita moveri, ut punctis respondentibus sibi occorrant, et locus occursus

1602 616 355 85 se si rectam

538 659 863 115 erit punctum rectae vel plani quae situm.

284 671 1720 192 hac vethodo velimus describere e non prius descripto plano, sefficit id quoque

527 737 1469 178 praestari potest ex eo quod recta s locus omnium punctorum ad

1791 804 190 90 possibile

524 824 1199 154 hia quaedem puncta  data eodem se modo habentium.

518 870 1463 168 non est ut dentur p ut detur punctum eodem modo se habens ad

521 924 1466 176 quatuor puncta in eodem plano non eadentia posita seu a quatuor

1683 995 147 96 qua

506 1020 1057 146 punctis qu non ejusdem plani equidistans

616 1059 1352 144 quoniam primitiva rectae definitio est, ut sit linea sibi similis

520 1118 1488 156 operae pretium erit ostendere, locum punctorum a tribus punctis aequidistan,

509 1236 442 93 tiam esse sibi similem.

978 1176 993 114 sit ergo Et quidem ostendicus locum monologorum

541 1220 1409 152 ad duo puncta esse sed et aliter ostendi ptet tatem locum esse rectam. a

529 1263 1413 157 ostendimus rectam esse locum monologorum ad hic puncta duo. itaque moto

523 1305 1437 162 extensuo duobus punctis namotis quiescere rectam, adeoque eodem modo se

532 1359 1451 153 habere ad _ totum locum successivum puncti moti adeoque et ad tria punctu

529 1402 1439 155 seu arcum seu ad circumferentiam circuli quem describit, adeoque et ad tria

541 1438 1436 173 puncta, em circumperentiam determinantia  igitur recta talis

544 1495 1463 152 locus, seu locus hamo Iautologorum punctorum ad tria puncta tantologorum

1729 1600 110 53 in plano

551 1542 1403 163 sed vicissum omnia talia puncta cadunt in rectam; quia durante motu

553 1678 202 78 viescunt

596 1608 1408 165 dari Lineam unicorun ad duo, puncta seu. Monologorum; ita ostendi

944 1720 190 50 ad hibita de

1247 1686 310 63 rectae per similitudine

532 1680 1445 163 potest immediate,  ad similitudinem non revocata: sit punctum d

526 1725 1461 174 sib puncta A, B, punctum C, id aut est _ unicum ad A.B, aut geminum;

532 1773 1452 175 si unicum jam habetur quaesitum; sin sit geminum, a deoque aliud sit ei respondans d

532 1912 200 84 accedant si

758 1818 1231 151 ambo similter, seu aequali velocilate, exitus punctum occursus E

1163 1870 832 110 num E se habet eodea modo ad CAB, et et DAB

523 1932 623 107 monohogum: ad A et B, ncltu:

520 1920 1502 167 nam si aliud esset talesgnulla esset ratio cur eodem modo de terminandi potius prodiise

523 1962 1463 167 Fqua E qua nam. cum quaelibet alia loca uut (C), (D) sint gemina, et non nisi

547 2007 1454 154 gerniua _ utiqno ita ut non det detur aliud punctum in eodem plano, praeter

536 2047 1475 160 () et ( d) eodem modo se habens ut ipsa ad A et B, et in E  gemina illa coincidant

515 2095 1477 150 utique non dabitar ibi aliud quam unicum idem demon strari potest ex sectione

527 2141 1456 150 duorum plagorum. Puri autem planum id est locum pnicorum ad duo puncta

520 2185 1488 148 quia et absolute sine respectu ad planum, ponamqus omnia illa puncta ad se invigem

538 2225 1437 135 accedere nec siu ongrucuter, nocesse est o simul coingidere in mnopuncto

735 2252 1281 125 quod iitique Est unicum, suae relationis cum sit freclum smper gu omnia loca appro

1034 2285 968 106 ninquantium ut F et B, Avnt stmmla sint sola taliumi ergodemiq

1443 2324 506 68 sn ullnio, ubi oumita funt inum

74 2206 431 75 mone, se habeus ad a totum

40 2035 435 87 sic quoque ratiopinari licobil.

40 2071 429 79 geerdu  Acit plura punta

53 2102 419 77 eodem ce ut C, se habensiaa

64 2141 388 69 A et B. quae voinatur _

64 2171 421 83 traegitu sit punctum E eodem

68 2237 404 75 seu ad lotam X, unitum san d d

74 2273 395 68 velavis, id erib uncuae ad A.B

88 2300 397 65 relationis, et fotest esse listintnt

532 2363 46 19 eit

91 2333 441 55 b A et B.tantum probatdumtale

2606 59 259 77 seu sibi congruus

3307 35 644 65 similiter terminatae ser terminatae sunt

3523 71 74 39 irne

2254 107 700 117 uibormiis locujadici potest,

2972 82 974 100 cujus partes aequales etiam sunt

2311 184 277 81 qecomqurentes

2769 160 816 127 locus sibi similis est, cujus partes

2129 211 621 114 amiles, ale escent A

3077 214 683 106 Loca sibi similia sunt non alia quam

2104 265 806 127 similiter terminatae sunt similes

2919 368 87 60 nemper

2937 284 568 108 se Loca unifermia sunt

2087 341 720 123 _ recta, platium, spatium ipsum.

2102 349 1382 169 omnia loca sibi similia, et praeterea alia aex lineis arcus circullis

2107 391 1541 180 et helicis cylindricae et helix cytindrica ex superficie t t sphaerica

2113 553 339 78 et cylindrica.

2545 568 46 43 cut

2555 469 956 115 Nam hs, non esse sibi similes. exempto arcus

2714 502 30 39 hoc

3249 520 96 45 is slid

2080 523 1445 167 circuli intelligi potest, nam duae partes ejusdem ancusC  duo arcus

2072 580 1420 178 ejusem circumferentia circuli; similiter sunt terminatae, per dui

2074 635 1409 193 scilicet puncta, non tamen sunt similes inter se cum eandem

2240 725 87 43 trema

2074 687 1446 191 rationem ad rectas extrema jungentes non habeant adeoque discerni

2075 749 1460 199 possint, quem admodum et discerni possunt angulo quem capsunt aliisu

2084 813 1390 189 modis. Sed recta xbose omnium locorum maxime

2080 866 1424 189 simi siti similis est, nam cum omnes rectae partes similiter

3394 980 105 82 Ned

2081 914 1478 213 sirit terminatae, per duo scilicet puncta extrema, hinc omnes

2071 998 1286 204 rectae partes sunt inter se similes, adeoque et similes toti

2068 1073 1457 181 alius datur in natura rerum locus praeter rectam, in quo

2087 1116 1540 213 pars quaevis sit similiscuivis. Planum quidem et spaticu e sibi irtus similia

2092 1169 1526 214 sunt, id est si terminos non respicias partes eorum discernere non potes

2065 1247 1482 193 ut qui in ingenti planitie oberrat, aut in profundo maris medio

2069 1307 1469 191 maris abysso (entre deux eaux) divagatur ut nec fundum nec

2071 1375 1386 185 superficiem percipiat, ubi sit cognoscere non potest; sed quia

2068 1423 1584 203 sed si terminos superficei planae aut fundum vel superficiem unformis

2081 1485 1556 196 comporis attingere ipsi aquae attingere ipsi detur, fieri potest, ut illic

3240 1543 309 84 Variis liners

2086 1588 1136 138 notet discrimen. nam aliud planum nam planum

3233 1603 317 92 si tamen duo

2078 1638 1105 159 et spatium variis superficiebus termiinari potest.

2069 1663 1465 206 terminatio  duoc plani sit simitis perminationi alterius plani

2071 1717 1518 219 jam rursus ratio discernendi amissa est, ut si planum unde circulus

3236 1831 307 99 Et simili est

2083 1776 1515 214 a circulo, qupotygonum regulare a polussono regulari totidem

2095 1869 1076 163 laterum disterni non potest, nec intus nec extra

2081 1899 1429 194 idemque est in spatios solidis solidis pluribus similiter terminatis

2089 1948 1467 196 nam sphaerae duae et cubi duo sunt similes inter se tamintus

2090 2123 309 78 quam extra.

2477 1995 1207 179 Et haec causa est cur locum  sibi similem, definierim,

2096 2068 1576 187 cujus partes similiter terminatae sunt similes. U scilicet non tam rectam

2090 2122 1598 184 comprehenderem, quae perfectissime similem sibi sed etiam planum et spatium,

2972 2183 593 117 habemus ergo tres gradus:

2123 2245 790 111 quae tantum intus sibi similia sunt.

2182 2206 1679 182 Locum sibi si millimum, qui e in quo partes omnes sunt similes, et hoc proprium est rectae soli

307 2513 682 51 COTTFREDUILHIELM LEIBNIZ BIBLIOTHEN

3451 2516 332 54 Signatur: LH 35. 1. 14. (45)

3807 2522 34 47 23

310 2573 680 51 NIEDERSRCHSISCHE LANDESBIBLIOTHEN

3724 1067 41 48 eu

3697 1085 303 79 coppus mathe.

3739 1142 215 57 maticum
