2926 4642
92 54 1350 144 Geik. lib. 3. cap. 15 de sono in vacuo. Nullus est

110 144 1293 139 in vacuo Tinnitus est tamen strepitus, et strepitus

98 211 1331 131 aril differt a communi. Suspeiso pim in eo Ho–

116 281 1290 152 rologio sonante, quod ita composito ut malleoli pulsu

116 342 1321 153 in tintinnabulo sonum certis distinctum intervallis

131 399 1342 173 per semihoram ederet; conus extrahendo evanut

131 466 1311 163 tinuitus sed aure vitro abmota, auditus tantum

144 533 1303 176 est tepitus oblusus de gampanala malleoli pulsu

149 611 1311 167 ditus velut si quis NB. campanutam manu tan–

139 675 1316 194 gat, e ita pulset. Redto aere auditus est tin

141 745 1363 170 nitus. Ita ulterius pistilli in crotatum sonus seu

144 814 1366 191 ictus ita auditus est versato vase, ut nec differret

144 900 1308 172 ab eo qui auditur in recipiente pleno. Strepitus

149 961 1298 189 ergo a viltule sonante, tinnitus ab ipso aere.

159 1054 1296 165 +t explorandum an in vacuo augeatur sonus

185 1188 39 119 a

358 1114 1102 157 Tubum Mortandi exiguo sumto) sate

201 1188 1259 163 est quidam fragor, qui ipso aere efficitur

144 1255 1321 158 ut du Lagenae quadratia franguntur et fragor ve–

139 1325 1321 155 hemens inbe causatur, aere ocrrcunstante in spatium

139 1382 1277 155 illud vacuum cum impetu confluente. Unde sonus

144 1446 1352 160 ex ipso aereem concursu quae causa fragoris toni–

118 1508 1384 163 tum e bombardarum Nam quando ignis ra

147 1580 1352 168 pidissimus aerem celerrime dilatat et puncto

141 1650 1364 173 temporis extinguitur, spatium resictum aer velemen

113 1714 1331 186 ti concursu replet Alioquin certissime screndum

203 1774 1283 178 dis si horolosium sonans vitreo seu cupreo glor

131 1849 1324 183 initus pursus iti recipiente suspendatur et

126 1918 1344 178 aer elicratur ex recipiente tinnitum tame–

113 1983 1350 193 aeris in globo ilo minore inclusi extra auditum

118 2065 1352 173 irius sed se experimentum facere nocuisse, gi

116 2143 1331 178 nullum sit dubium globum esse rumpendum (+ ego

123 2220 1337 180 puto posse esse satis firmum ut si sit cupreus

105 2318 1337 142 non facile lumpeti. b+ Et dubibo an an

118 2380 1350 180 pos aventerris sit tinnitus. Si per venit

139 2470 1378 165 emonstratur aerem ne tinnitus quidem ve

98 2591 449 165 giculum esse+

510 2596 986 145 E cap. 16. Si uvae per dimidiumanm

100 2671 1326 168 serventur in recipiente exhausto, durat illis

110 2731 1378 208 species sed evanesctit omnis sapor, quem attra

123 2805 1368 196 pit recipiens. (+ experiendum an aqua immis

98 2888 1395 191 sa id quod exhalavit capi possit, aut alio modo cor–

95 2957 1288 215 ligi in spiitu, quodam quasi distilladis gnre. +)

647 3032 808 158 Cap. 102 potest ope eExhausti

105 3112 1358 176 aeris sibilus diu durans gratusque, erumpentis vel in–

92 3182 1378 175 rumpentis in locum vacua aut ex praepeno, construi

110 3316 256 116 exhaberi.

670 3277 811 158 Cap. 19 aqua in vas exhaustum

121 3360 1357 178 non ascendit nili ad altitudinem 19 utnarum

108 3435 1360 172 Magdeburgicatum, et tantum suilicet ponderat

116 3520 1117 162 sphaera aeris grobo nostro circumfusa.

706 3576 787 132 Cap. 21, ad meris gravitatem

95 3638 1370 171 quovis tempore deprehendendam exiguu e lignot

108 3698 1362 193 virunculi specie efficta statua digito ostendit

126 3778 1303 175 certa puncta. pro aeris gravitate. Artifinium in

139 3839 1349 163 inferori vitri parte non apparet, superior de–

134 3901 1329 186 tecta est (in imagine sed non reapse apud

118 3974 1383 196 Du. dalanc e ). Iustum rei huncdat: A globus eva–

126 4041 1373 190 puatus suscenderetur, globum dum aer gravior evadat

147 4100 1287 206 deddi lleviorem (+ sed hoc fit et calore frigoret)

108 4159 1391 214 non est Thermoscopium quod calore quoque et frigore

131 4234 1357 181 alteretur.  apertu sit Epistomum vasis proca–

144 4301 1362 178 lore et frigore variatpontus. Nam frigore gravius

183 4368 1268 191 eso, aluenim atris est in ipso, a calre ledius

1512 657 1339 186 4libras seu 2dum numeros decimales 4, 125 ()

1511 753 898 171 et libra ponderat 16 impiales

1501 1410 1345 188 (Ego puto, quoquis dimndio tanta+) Etsi ag equi

1500 1573 1335 172 ( facilior tractio cap. 24. duo hae

1523 2395 1273 178 mium vertendo ut aere intretue sed subito

1540 44 1306 136 Geick. lib.st. cap. 21 am non posse ponderari des

1553 105 1285 137 mmari aeris proportionem specificam ad aqua

1537 157 1283 147 ob differentem ejus compressionem. Imo

1542 219 1309 178 potest fortasse designato loco et tempore. vel

1550 283 1275 181 rectius sic ptes aer qui tantum Elaterii seu

1576 355 1205 196 virm compressus ht, tantum ponderat +)

1986 435 860 152 Cap. 22. Mensura Magdeburgi ca

1545 500 1313 175 habet in altitudine in diametro ulnae

1514 585 1264 165 Magdeburgicae, aqua quam capit pondernt

2064 794 774 142 cap. 23. corium si sit cera

1537 871 1285 168 rhcrebintina nommunta inunctum aer non

1512 1005 317 101 transit.

1881 925 959 165 duae phialae diametrum simu

1522 990 1329 193 ostituentes 3 ulua Magdeburgicae non pote–

1535 1067 1285 178 rant dtet a 15 equis, 16 equi autem

1527 1137 1293 183 non poterant elevare pondus aeris quodest hic

1537 1183 1303 214 2 2686 Erarum Es possut cum totl

1537 1253 1301 211 putatequos ex ris 16 equis 8. tonhere

1517 1341 1272 190 onerari 2686 libris et altros 8. itidem

1576 1464 1264 204 possint trahere currum tot libris onustum, tum

1579 1616 1259 217 misphaeria diametri 1 unae non potuc

1620 1681 1226 211 distrahi 24 egs, imo non nisi a 34

1576 1771 1244 199 Nota ube fit distractio auditur sonus

1599 1843 1234 204 vasi sclopeti dissosi, aere irruente et

1563 1921 1288 206 ofluxu sonum edente (+ usus mechanicus 3oium

1576 2094 98 116 cap

1764 1990 1074 173 e Ratisbonae in somitiis vas 1654

2136 2070 653 132 Cap. 29. quod sclopetum

1599 2132 1236 181 novum attinet, longitudo proportionata esse

1558 2207 1280 175 debet obse rvavi eum canalem ulnarim

1612 2274 1203 155 +1 longiu quam 3 ulnarum Globum sejicere

1525 2326 1318 178 ejaculari saepius potes uno Recipiente Episto

1524 2460 1272 191 ut Epistomium rursus claudatus intrea fit

1581 2599 261 124 axpisio

2059 2568 787 137 cap. 31. Globum vacuum su–

1567 2656 1229 178 spendi ex balance id altius est quando aer

1589 2725 1215 173 gravior depressius quando minus gravis. Sed

1576 2785 1249 167 haec bilans non possit exucte quia sem

1558 2841 1298 186 gravius on quo contentum, quirlevius continens

1561 2903 1285 183 Sed quia hoc modo ponderatio difficulter insti–

1527 2976 1298 167 tui  exacta, ideo adhibui inquit virumcalli

1526 3048 1299 175 iu ea arte in vitro suspentum, ut in aere

1568 3117 1257 163 inferius terreti, et ex eo pro diversa aers

1576 3184 1246 181 gravitate ascenderet et descenderet digito

1555 3275 1288 170 etia suo in qbusdam punctis variaem mon–

1545 3329 1295 180 Maret (+ Exhis necesse est constructioem nnea

1542 3398 1314 189 Et ipsius coincidre. Utitur bis hac Oparade

1553 3473 1293 194 etiu in litris ad P. Schottum+ Iseo objectio

1563 3561 1275 188 ei fieri posset, ita aerem continenem fieri leviore

1563 3620 1293 201 calore. Respondebit fortisse non fieti ob compressi

1561 3736 784 137 nem a summo auctam p. 0

2190 3749 653 147 Cap. 33. aer in sclopeto

1566 3839 1282 171 ventanto ad spatium conitur quinsuplo minu

2219 3907 619 123 Cap. 37. Thermonget

1548 3966 1233 178 novum Magdeburgicum in Terhnia Cyriosau descri

1571 4133 106 80 lib.

2169 4038 666 114 ubiet internosct schole

1555 4095 1270 183 quis sit annicalidissimque dies, quodalias

1550 4157 1308 188 difficile, vide ibi. Non est magni adeo momentur

2541 4311 315 150 construttio

2600 4417 266 87 huc redit
