1783 3017
142 88 1491 134 tricas appellavi, quibus objecta ciqui apparentia, superficies

100 196 275 67 +Dgt.1

100 182 1537 139 refringentes aut reflectentes denique loca foco imago

132 249 1570 151 ejusdem puncti objecti; fociq ejusdem puncti nullo

140 362 1535 115 enim puncti focus unus, nullius objecti unica amago

171 439 1533 129 st) circum scriberentur aut connecterpntur. Ita differen–

159 519 1553 129 tia punctorum ejusdem objecti inter se, quod ad focum pro

132 584 1577 161 jiciendum attinet, ingens, discriminisque ratio atque illud

152 687 1503 139 simul apparuit, Quod nos arcta apertura cp

134 769 1543 139 apertura  exigua reddita, tot radios us

129 859 1566 141 velut inutiles excludere nogamur. Reperto mali for

323 973 763 113 Reperto mali fonte

1180 957 519 122 remeri remedium

169 1059 1459 110 ponle patuittu inveniumque est a me

171 1168 1502 109 Lentium. quas quia maqam quantamcumque a

1429 1210 157 43 e

171 1240 1539 119 perturam ferunt, Pandochas appellare soleo noe

800 1320 104 29 a

192 1371 281 90 ron

501 1327 1186 131 quae certis genus rev profecto novum ne

124 1414 1585 134 ab ullo quod sciam tactum genus, cujus species naria

991 1468 562 87 Ap7 sic satipus

124 1500 1531 134 una omnium simplicissima; figurae pa facile

114 1617 307 97 parabilis

508 1604 1167 110 ex qua caeterae pro commoditate ran

122 1704 277 102 tilatae.

848 1681 825 97 Imnium autem commune est

110 1769 1584 108 nullo distantiae figuraeque objecti, aut fundi excipien

134 1858 1513 114 tis discrimine, ut omnia objecti puncta non minus

107 1934 1541 114 distincte repraesententur ac si unumquodque torum

115 2002 1565 138 in axe optico esset, quod hactenus in mentem iit

114 2115 181 99 nul

399 2108 253 99 Quantus

677 2098 963 119 Ingens Incudibilis autem hujus in–

122 2204 1513 100 vensi fructus uunicuique neminem Opticae intelligentem

117 2274 1508 94 latet constut enim mngnitudinem quidem appatentem

127 2341 1518 92 posse augeri in infinitum, sed nnc ea ducta deminui lucem

134 2391 1516 118 sed set si epirturas maxiuas facere liceret uunde ut nunc

117 2460 1503 104 sunt lentes defectu lucis, in augenda magnitudine rpparente Parci

130 2529 1488 99 esse debemus a si vero aperturas maxim as adhibere liceret,

124 2599 1449 92 cum radii quoque futuri sint propertione plures ac proinde

130 2656 1480 106 clux major, poterudit radii quoque in majorem amplitu

1102 2643 52 50 Y

127 2720 1468 121 dinem imaginis salvaluce et distinctione impune re

184 2810 202 96 fungi
