3334 4774
204 228 169 122 xe

347 233 1156 172 Restant ex Effectibus fugae Vacui ascriptis

115 373 513 109 initio enumeratis

692 342 830 124 suspensio aquae in vase unius

116 408 1406 164 tantum aperturae, difficultas in embolo, ex tubo ab

124 482 1435 178 opposito latere clauso, extrahendo, aut in folle

159 575 1437 175 clauso diducendo; ac denique liquoris per

140 668 1512 151 antliam elevatio. Haec omnia ego assero quemadmo–

140 739 1546 160 dum Laminarum Tabularum politarum cohaerentium

129 808 1571 197 Siphonisque aequicruri phaenomenon a solaaeris

156 896 1456 194 pressione non pendere, non magis quam a Fuga Vacui

188 981 1490 183 veteribus decantata, sed veram horum omnium effe

175 1058 1530 180 ctuum rationem esse Repugnantiam naturae contra

190 1140 1401 188 difformitatem, qua scilicet fer ire it non potest ut in

164 1230 1530 188 loco aliquo plus sit materiae subtilioris crassioris quam

177 1294 1448 196 in caeteris circumjacentibus. Quod a circulationes

214 1349 1602 218 setheris Universali oriri, et hinc Gravitatis Elateriius

183 1445 1453 186 causas et omnem omnino conatum a aequilibrium

190 1506 1547 228 pendere in Hypothesi a me aliquando publicata satis

190 1604 1427 202 opinor clare ostensum est. Ubi ostendi illud quoque

177 1665 1517 204 annota e, quicquid denique de gravitate aut Elaterio

167 1750 1506 191 aeris dicauus aut experiamur, necessario eundam esse

145 1806 1708 214 ad causam altiorem ipsius Gravitatis Elateriiue in universum;

143 1880 1567 212 Gravitati Aeris soli ex iis cujus ea quam in pere sentimus

148 1952 1541 212 non nisi consequentia est Ex his igitur thaenomenis

145 2039 1515 199 quae nune communiter Aerisgravitati

161 2095 1507 212 ascribuntur solum Experimenti oricellia i i i tigre

159 2190 1477 194 deberi puto: et praeterea aliud sed quod ei hactenus

161 2264 1618 218 quantum meminerim ascriptum non est, Frigus omnem

151 2304 1976 252 scilicet frigusris sensu a scilicet aerisrgoub

151 2418 1506 218 Fateor clarissimum Petitum nuper docuisse

143 2500 1790 210 et recte fagus ab aere ese, scilicet a sole igneve a calore

137 2599 1507 185 rarefieri desiit. Cum enim aer calore

145 2684 1467 183 corporibus nstro circumjacens calore rarefitu, etiam

148 2753 2117 180 corporum ipsorum aer evocatur, etiamsi  ipse non rerefiata circumjacecite rare facit

1790 2816 374 121 tamen ipse sese.

127 2837 1589 175 Hinc in nobis caloris sensus in aliis corporibus maturatio

129 2896 1560 185 putredo, aliique effectus. Ut enim aevesica flaccida

135 2962 1551 199 in Vauo Magdeburgico dilatatur,  ita necesse est

143 3026 1549 191 aerem corporum sanguini eorum succisve per infinitas

135 3067 1984 229 bullas inclusum, Elaterio propriose dilatare, ubi

135 3166 1615 207 ab aere circumjacente quippe a calore dilatato, comprimi,

432 3233 1252 156 Hinc apertura porororum, et  sanguinis

161 3323 197 111 desiit

164 3291 1509 212 ebullitio, et spirituum evocatio et sensus caloris

145 3368 1579 223 blandus, aut dolor intolerabilis. Ut enim vesica in Vacuo

148 3442 1589 223 Magdeburgico medioeri  Recipientis evacuationetendi

156 3524 1560 226 inflatur, at nimia rumpi potest,. ita nimia rarefactio

156 3599 1541 214 aers circumjacentis, dat nostro nimiam se tendendi

169 3670 1512 218 ac denique claustra perrumpendi libertatem, unde dolor–

175 3739 1533 228 Nec puto Contra ubi cessat calor aerem dilatans,

161 3824 1478 204 aer ipse proprio totius massae pondere comprimitur in

143 3909 1427 196 statum priorem, unde sequitur: Lalorem esse natu

1283 3944 597 164 ipsis aer eque denuo

135 4007 1122 186 hhic corpora quoque  ictus

145 4041 1687 231 comprimuntur; nam revera nihil pene ii inclusus corporibus

148 4126 1764 205 aer comprimitur; constat enim aquam ipsam et adhuc magis

1808 4224 343 133 Experi mentum 2

156 4224 1347 189 terram nullius pene rarefact compressionis est

159 4285 1790 199 nisi quatenus ipsis inest aer Unde tentari vellem, an et

196 4357 1750 207 quatenus aqua aere purgata veletur, uodiscere poterimus

273 4418 2541 206 si  maximi frigoris tempore aquam in Recipiente Magdeburgico exhausto aliquandiu relinquamus.

1779 193 1332 154 Ergo in nobis quoque aliisque corporibus nihil aliud a

1721 278 1453 162 frigore quam aer inclusus, comprimetur. Ex his colligs

1755 381 1414 149 Calorem esse naturalem singulis aeris partibus

1859 482 1297 125 sibi relictis, Frigus vero esse naturale massae

1861 559 1289 130 aereae sibi relictae, versus fundum; aerem enim

1861 631 1303 132 illic positum a massa, super incumbente com–

1883 705 1289 146 primi; a se ipso aute  ie proprio Elaterio dis

1901 793 1223 132 lataris necesse est. Unde patet quo sensu,

1965 872 1215 143 aer primum frigidum appellari possit. Patet

2320 965 823 106 etiam cur corpora omnia

2349 1039 799 111 pressa angustorumque pororum

2498 1113 645 93 sint contactu frigida

2763 1185 409 98 quia aerem in

2748 1265 410 87 puis angustiis

2755 1410 61 61 in

2787 1368 411 111 minusque pressus est,

2819 1310 347 93 liberm

2286 1464 894 95 quemadmodum venti in mportibus

2283 1522 910 111 sunt frigidibses; et aqua in recessibus

2247 1593 959 115 angustis, sinubusque exiguis minus agitata,

2251 1654 942 136 et aer ipse frigidior in recessibus um

2241 1747 172 101 brosis

2705 1774 143 85 reliquo

2071 1819 1106 140 Quod attinet vero effectus soli aeris pressioni

1799 1901 1397 157 communter v  e o  non recte asriptos, qu scilicet

2095 1975 1085 160 post remotas praeter tractatos jam duos

2169 2050 995 156 Laminarum cohaesionem, et siphonem

2140 2121 1021 159 inequicruri; ajo de  caeteris

2243 2201 929 130 idem esse judicandum, aeris com

2251 2302 77 58 gra

2207 2254 991 172 pssionem conferre multum, sed

2241 2347 939 135 non esse causam oam. Ac primum

2254 2418 942 133 quod attinetliquoris

2273 2485 960 132 aut alterius corporis gravis (utemboli

2304 2551 881 141 exacte intrantis) in vase clauso

2318 2620 899 130 smus tantum aperturae suspensionem

2312 2689 897 127 hanc certum est itidem in Vacuo

2296 2763 884 138 Magdeburgico evenire, quando

2287 2845 914 117 scilicet liquor est ab aere pur–

2296 2912 894 130 gatus; Imo amplius accidit ut ab

2315 2983 857 136 Huugenio primum observatum

2304 3060 860 138 est observavit et Boylius idem

2216 3140 953 132 evenire Mercurio ab aere purgato

1918 3198 1293 172 in Tubo Torricelliano seu Baroscopio ut plane

1907 3275 1302 159 non descenderit, etsi in 75 pollicum altitudine

1891 3349 1246 165 experimentum sit captum, cum alioqui ex 27

1891 3426 1318 157 30 ped pollicum altitudine tantum suspen

1893 3511 1321 135 datur. Ratio diversitatis inter aerere purga

2167 3575 1037 151 purgatum facilis captu est. Liquor

2482 3652 719 106 enim aerem quem continet

2527 3710 658 109 gravitate sua exprimit,

2459 3763 723 106 ad et locum quem descensu

2395 3837 835 96 suo relicturus est implramogitus

2231 3890 978 112 et si in statu naturali ad implendum

2207 3959 1002 120 non sufficit, dilatat eum ac rarefa–

2206 4026 995 130 cit, prorsus ut funtas pondu eppensom

2194 4095 1017 127 diduciru ut adeo hic demum locum habeat

2206 4169 1013 116 quiddam Trancisci Lini funiculo simile

2214 4230 1000 106 Et quiae aer tendi seu dilatari poles hinc

2214 4288 1013 110 bullla etiam exigua Tubum implere potest

2222 4354 928 128 inde Liquori dectensus permittitur

3055 4421 191 111 faetjgrei

1778 1104 373 127 nisi per vim

1949 1286 700 144 per difformitatem turbata

1909 3645 343 81 tum et non

1819 3769 668 103 in Var Magdeburgito, ex nulli

1791 3713 593 87 in aere ordinario, et exnulla

1870 3835 228 90 Recipiente
