4698 4141
2466 75 1054 132 prop 24 si duo Triangula (ABC, dEF) duo

2387 149 1156 131 latera duobus interibus aequalia habuhia (AB ipsi DE

2388 216 1125 142 et AC ipsi DF) angulus quero  alterum vero

2404 273 1162 143 angulum et altercustrianguli (ABC) angulus (A) sul

2401 342 1082 131 Aqualibus cateribus comprehensus, sit major

2411 388 1120 154 v sasius (quam D) etiam basis u er

2408 457 1077 148 subtensa (B C) major erit alterius basi (EF

2429 519 1199 157 Enuntio no elaviana non est castigata satis

2395 593 1099 145 Haec propositio plane non indiges probatione.

2413 648 1194 159 Nam si latere AB manente immoto BC AC moveatur

2385 717 1148 157 adupa versus AB simul angulus et intervallur

2372 768 1207 170 minuetar. Nam praestat in _o ni considerare un

2353 839 1162 152 trinneutum tanquam ex alio fatm.

2399 885 1226 166 demonstratio est facilis ste quaeramgsana ydice

2358 1005 55 83 ut

2477 947 1148 171 ffminor quam BC ergo in mrangulo communu

2406 1021 1084 166 e BCG debit esse opposita angulo minor

2415 1074 1086 159 sea debet esse angulus C minor angalo BGC quod

2418 1138 1083 141 est verum, nam C aequalis ang ipsi AGC (quia

2376 1187 1229 161 quia crianus. A, (G iso sceles) et HC minor quam BGC

2404 1249 1208 161 pars quam totum. Hac demonstratio est analyticu

2401 1299 1234 177 ubi ab eo quod deministrandum est venimus ad carta

2383 1419 518 108 demonstrandi principia

2528 1435 955 143 prop. 25 est coiisdem positis

2408 1502 1086 142 si basis major, erit et angulus ei spositas

2356 1635 119 95 cum

2464 1621 52 67 aji

2673 1562 847 140 son est opus demonstratione separata

2447 1637 288 134 siaspriale

2772 1621 805 113 cotineatur. udc quae monnimus

2395 1684 1242 144 ad prop. 19. Nempe una eademque propositio

2427 1730 2178 147 est 24 ut 25 quae ostrudit duobus hiangulis iatera caequalia habentibus aequana duosque lateribus

2447 1796 1917 143 riangula, vel ductum htanus norm atcurus magnit tatem magnicodibus

2422 1858 1489 159 existentibus corbus onfes et antulos sibi mon in a10 ran

2399 1943 1148 150 angulum et majorem bapiu conjunst a esse

4372 730 59 61 o

4582 733 81 76 AB

3747 732 108 91 id est

3708 768 953 108 FAC transferendo in AG et e ABC facende

3711 844 637 99 si erit angulus BAG minor

3740 906 548 85 e angulo BAC.

3750 968 872 94 et batis BGni triangulissb minor

3761 1021 587 111 rasi BC trianguli ABC

331 3920 837 64 SOTTFRED NILHIEIM LEIBNIIZ BIBLIOTHIEK

4074 3920 587 87 Sipnalur. 11 36. 1. 3. 181- 5  p

299 3996 876 57 NIEDERSRCNSISCHELANDESBIBLIOTHEK

3826 1506 545 108 Hanc Euclides demonstuut

3839 1585 553 85 ope praecedentis et (lavius

3828 1631 483 96 habe pro conversa. sad
