1944 2613
379 92 704 118 sint duo puncta data

1130 87 692 110 A et 1 dico dari

255 185 1159 134 punctum sui ad haec duo situs unicum

1520 162 389 112 Esto punctum

278 261 1652 135 id vel unicum est sui situs et habetur quae situm vel

255 348 1604 133 non est, deatur ergo, alid ad huc ejusdem situs ad AB)

283 476 498 88 quod sit d. Pllico

699 447 144 61 topat

807 426 1049 124 C et D sibi posse ita admoveri ut utri

1123 524 54 47 eis

284 542 1058 106 lineo eundem semper servent situm ad

1386 505 330 107 A et B

306 569 1585 161 maneant eodem modo sit a ad A et. B. alioqui

243 637 1673 165 non utrinque eodem modo se haberent, si ad A et B, si eodem

248 802 247 84 modo ad

525 714 1340 175 A et B situm mutare non possent. Donec

971 773 871 138 Occurrent autem necessario

1650 833 35 61 s

264 840 649 134 tandem sbi occurrant,

1011 878 385 94 situs unico

271 979 54 72 in

384 911 595 138 loco sui ad A et

381 897 1542 238 liter duae sphaerae se sangentes, necessario se langunt

288 1023 1184 170 un puncto sui ad duo centra situs unico.

358 1191 238 87 quas aut

634 1077 1148 156 in sphaeras iintimsece sibi admotas seu

358 1255 103 103 qvel

506 1138 1324 185 parte eoem non habent seu tangentes,

267 1238 1552 188 on nisi in puncto se tangere, demonstrandu, quia

669 1286 1189 178 scilicet ambo convexa in contrarius partes

649 1367 1255 157 ergo locus cois cum esset in utinque superficie

714 1426 1109 167 mul foret convexus in contraras partes

1223 1486 646 138 Nultus ergo pt locus

643 1537 534 114 quod et absurdum

627 1593 749 127 talis, sed conlactus est in puncto

463 1601 1353 199 quid si non locui sed certus punctori numerus ut duo

450 1759 486 113 puncta. sed cur

962 1699 653 122 non e puncta intemiedia

497 1743 1362 189 tem duas rectas non posse habere duo

1626 1818 222 89 recta

429 1877 1143 136 puncta cord exstendi gt ex eo quo

1342 1930 125 96 lii

1488 1892 322 109 Hinc duo

410 2043 34 104 et

553 1959 782 124 linea similiter pocedent.

437 1952 1450 232 similiter procedentes cui droeggere incipiant

421 2136 551 109 Temper dovegent

1103 2039 804 150 tem difficallis caeler

438 2193 717 152 for et casus genisis

114 2517 370 30 SOTTFREDUILHIELMLEIBTIIZ BIBLIOTEX

1334 2518 414 45 Signatur: LH3S, 1. 3, 136I- 18V

98 2543 391 38 NIEDERSACIISISCHE LANOESBIBLIOTHEX.
