3154 3920
143 256 46 48 vaqe

30 409 222 120 cogtari

2 520 141 107 quia

215 527 39 39 u

34 568 249 96 punctu

26 631 211 83 modus

54 797 168 69 quam

47 851 273 74 ofacilior

32 919 281 91 alo magis

52 990 281 92 eversiones

28 1058 285 104 centro F

4 1143 283 98 vertetur

6 1222 348 112 corpus eversum

34 1311 273 95 adere

26 1374 281 119 pel satis

89 1504 187 53 vinca

4 1550 237 92 allima

26 1639 324 105 i Manifestum

2 1705 305 80 t raptura

50 1779 254 82 separ

50 1842 180 126 tanto

41 2014 183 126 igentis

4 2129 224 81 ationem

60 2188 203 96 eadem

37 2254 228 117 e ad

6 2343 261 104 serta seu

26 2417 287 96 sis ec lcredo

28 2497 331 103 rotae radios

50 2606 180 68 atum

10 2667 290 100 atet quoue

30 2741 301 111 per plateas

56 2826 222 85 non

6 2876 322 151 vis sustinet

30 3068 316 122 libus plateis

63 3170 211 77 dem in

82 3205 172 103 alcae

34 3299 329 133 os non infeli–

420 174 2139 178 aeterum non rebus tantum per planum trahendis, sed et aliis corporibus in aliis

374 239 2194 207 innitentibus, et pelictis illis movendis, nocet attrisus, ut funibus replicatis,

389 333 2002 191 quibus motus vare reguntur, huic rei remedium inventum est. ponne

398 413 2069 194 a pondere A. attrahi pondus B funem autem per trochleas C. D. ire Ponantur

402 509 2011 194 primum trochleae imobiles in centris suis fixae, patet attritum funis

409 564 2069 239 fore, contra trochlea in attactuum locis. at si mobiles sint tochleae

433 655 2067 240 pabet idem fieri quod in rotis, ut vis movens rotam agat centro taio

503 729 1940 229 EF, unde et facige superatur attritus qui restat in ipso C rotae

424 810 2146 233 contra axem non thantum, quod exiguus esse potest, et quod potest ungi

429 886 2032 242 hoc enim idem quodammodo praestari posset in loco attactus, F

405 945 2152 263 sed quod vis movens distantia acentro multiplcatur, unde quanto

1618 1119 1093 165 lra erum est a tochleae nagnitudine

389 1030 2172 272 smovens major, rochlea major, et circulus exiguus E, vel attactus

1341 1252 42 59 e

357 1184 1224 192 axis et trocile minor, tanto facilior miosus

365 1217 2176 222 aliud oriri incommodum, nam circulus magis accedit plano rectae, ac

2230 1365 246 91 circulus

455 1276 2060 261 proinde attritus major, sed id ea incommoditas compensatur vi aucta,

439 1448 987 167 cum attritus qui superest sit exigius.

875 1428 1699 253 Esto circulus A in circulo B, quem intus tange b , A, eo loco

921 1524 1566 224 quo circulus B tangit planum seu in C. ponatur circulus

980 1583 1605 250 A, esse superficies cyliudrtca provolvaturus quaeritur

947 1766 26 98 s

2075 1761 445 103 velut centrum

978 1681 1577 213 an aliqua in ea re utilitas, volvi volvens tangere

914 1803 1111 165 intelligatur in , D aget crca cent

906 1820 1712 229 motus, nec referre arbitior planum immedate an circulum

869 1901 1816 239 B attingat. Imo contra circulum D nocere arbitior tum pondere

840 1997 1573 233 suo, tum attactu, qui major est quam ipsius circuli D.

455 2071 2095 278 subjicere placet, solutionem difficultatis de duabus Rotis conccentricis ab

477 2179 2006 251 tristotele motam, de qua commentatores ejus mechanici, sed et Galilaeus et

419 2269 1907 239 Tacquet, et franciscus L Linus aliique ac acriter disfulavere

973 2323 1534 233 Rota B volvatur super plano AD in ca descripta

1006 2419 1525 182 intelligatur circulus ei concentricus C. dum rota circulus

1197 2489 1266 189 CB provolvetur usque in D ubi E rursus ad

1187 2563 1285 187 planum revenisse ponatur patet rectom

1197 2632 1314 188 ED aequari circulo EBE. eodem tempore

1121 2698 1423 218 et circulus FC FC circuitum absolvet, et quando

973 2776 1531 203 tunc F perveniet in G. Jam uti circulus FC.

496 2874 379 126 E perveniet in

494 2839 2156 242 continue applicatur lineae rectae FG ergo ejus ciurcum fenentia rectae FG aequalis

509 2942 2035 222 ut recta FG aequalis rectae ED et recta ED circumferentiae EB. ergo

509 2998 1952 240 circumferentia FC. circumferentiae EB quod est absurdum. Haec

468 3055 2067 274 ud clariu intelliantur, filum applic circum ligetur circumferentiae EB

463 3153 2050 261 quod iter provo lvendo relinquet in plano. Rota Fc ponatur exire

490 3218 2001 257 nonnihul ex rota cF, et similiter. plano substrato CF, volvi, ejus

503 3294 2058 253 filum esse circum ligatur, deinde circulorum loco polggona substituantur

1916 3406 1124 143 dum erism potiumonum super centro eugitur

1938 3462 1067 133 tunc punctus F surgit in H et punctoi L in K

477 3384 1947 255 Respondetur rependo jam negando, polygonum interius plano FG perfecte

2252 3530 771 124 ac proinde deseritur planu LG

455 3608 287 109 conguere

527 3667 45 78 s

2779 3624 73 121 e
