<?xml version="1.0" encoding="UTF-8"?>
<alto xmlns:xsi="http://www.w3.org/2001/XMLSchema-instance"
      xmlns="http://www.loc.gov/standards/alto/ns-v4#"
      xsi:schemaLocation="http://www.loc.gov/standards/alto/ns-v4# http://www.loc.gov/standards/alto/v4/alto-4-2.xsd">
  <Description>
    <MeasurementUnit>pixel</MeasurementUnit>
    <sourceImageInformation>
      <fileName>LH_35_12_2_0108v-0107r.jpg</fileName>
      
    </sourceImageInformation>
  </Description>
  
  <Tags>
    <OtherTag ID="BT16575" LABEL="MarginTextZone" DESCRIPTION="block type MarginTextZone"/><OtherTag ID="BT16576" LABEL="DamageZone" DESCRIPTION="block type DamageZone"/><OtherTag ID="BT16577" LABEL="DigitizationArtefactZone" DESCRIPTION="block type DigitizationArtefactZone"/><OtherTag ID="BT16578" LABEL="DropCapitalZone" DESCRIPTION="block type DropCapitalZone"/><OtherTag ID="BT16579" LABEL="GraphicZone" DESCRIPTION="block type GraphicZone"/><OtherTag ID="BT16581" LABEL="NumberingZone" DESCRIPTION="block type NumberingZone"/><OtherTag ID="BT16582" LABEL="QuireMarksZone" DESCRIPTION="block type QuireMarksZone"/><OtherTag ID="BT16583" LABEL="RunningTitleZone" DESCRIPTION="block type RunningTitleZone"/><OtherTag ID="BT16584" LABEL="SealZone" DESCRIPTION="block type SealZone"/><OtherTag ID="BT16585" LABEL="StampZone" DESCRIPTION="block type StampZone"/><OtherTag ID="BT27322" LABEL="text" DESCRIPTION="block type text"/><OtherTag ID="BT27323" LABEL="GraphicZone-formula-inline" DESCRIPTION="block type GraphicZone-formula-inline"/><OtherTag ID="BT27324" LABEL="GraphicZone-formula-complex" DESCRIPTION="block type GraphicZone-formula-complex"/><OtherTag ID="BT27325" LABEL="MainZone" DESCRIPTION="block type MainZone"/><OtherTag ID="BT27326" LABEL="GraphicZone-figure" DESCRIPTION="block type GraphicZone-figure"/><OtherTag ID="BT27327" LABEL="GraphicZone-formula-strikethrough" DESCRIPTION="block type GraphicZone-formula-strikethrough"/>
    <OtherTag ID="LT6926" LABEL="DefaultLine" DESCRIPTION="line type DefaultLine"/><OtherTag ID="LT6927" LABEL="HeadingLine" DESCRIPTION="line type HeadingLine"/><OtherTag ID="LT6928" LABEL="InterlinearLine" DESCRIPTION="line type InterlinearLine"/><OtherTag ID="LT11324" LABEL="default" DESCRIPTION="line type default"/>
  </Tags>
  
  <Layout>
    <Page WIDTH="5000"
          HEIGHT="4272"
          PHYSICAL_IMG_NR="238"
          ID="eSc_dummypage_">
      <PrintSpace HPOS="0"
                  VPOS="0"
                  WIDTH="5000"
                  HEIGHT="4272">
        
        <TextBlock HPOS="2700"
                   VPOS="245"
                   WIDTH="2002"
                   HEIGHT="3544"
                   ID="r3"
                   TAGREFS="BT27325">
          <Shape><Polygon POINTS="2885 1442 2955 1520 2799 1592 2802 1656 2935 1677 2923 2078 2870 2137 2927 2226 2933 2377 2700 2404 2700 2475 2875 2496 2906 2758 2895 2864 2921 3373 2820 3411 2819 3766 3056 3789 3280 3785 3430 3783 3894 3776 4383 3769 4667 3731 4702 3600 4672 3273 4694 2656 4665 2473 4682 2012 4648 1963 4686 1905 4679 1772 4684 1671 4607 1403 4684 1050 4687 824 4702 720 4696 349 4654 260 3813 263 3510 269 3273 245 2863 269"/></Shape>
          
          
          <TextLine ID="eSc_line_101e031a"
                    TAGREFS="LT11324"
                    BASELINE="2884 346 3160 329 3836 313 4646 327" 
                    HPOS="2882"
                    VPOS="262"
                    WIDTH="1764"
                    HEIGHT="115">
            <Shape><Polygon POINTS="4591 289 4567 284 4544 277 4520 272 4506 268 4489 282 4377 282 4342 268 4339 268 4337 268 4233 280 4173 262 3984 262 3903 280 3838 263 3817 263 3770 272 3678 266 3595 267 3577 282 3520 284 3437 263 3435 263 3273 263 3271 263 3269 263 3266 263 3231 287 3157 287 3126 263 3124 263 3122 263 3072 263 3048 263 3024 265 3022 265 3003 282 2936 275 2934 275 2932 275 2882 287 2884 346 2884 377 3117 377 3117 374 3119 374 3122 374 3133 363 3174 374 3176 374 3179 374 3181 374 3183 374 3186 374 3245 356 3269 370 3271 370 3273 370 3349 374 3404 374 3406 374 3418 374 3542 353 3622 353 3679 372 3682 372 3684 372 3687 372 3694 372 3782 358 3922 372 3943 372 3945 372 3948 372 3952 372 3998 353 4069 370 4071 370 4074 370 4100 370 4188 367 4190 367 4221 351 4356 370 4368 370 4370 370 4373 370 4375 370 4425 351 4520 351 4558 367 4560 367 4563 367 4565 367 4567 367 4594 351 4641 367 4646 327 4627 299 4615 296"/></Shape>
	    <String CONTENT="Euclides in definitione diametri circuli id est rectae per centrru"
                    HPOS="2882"
                    VPOS="262"
                    WIDTH="1764"
                    HEIGHT="115"
                    WC="0.9674070635528276"></String>
          </TextLine>

          
          
          <TextLine ID="eSc_line_0ebc3057"
                    TAGREFS="LT11324"
                    BASELINE="2891 405 3442 386 4632 379" 
                    HPOS="2889"
                    VPOS="341"
                    WIDTH="1743"
                    HEIGHT="95">
            <Shape><Polygon POINTS="2891 436 3304 431 3316 431 3387 415 3677 415 3727 424 3748 427 3751 427 3753 427 3765 422 3798 412 3900 422 3952 424 3955 424 3995 420 4059 410 4083 417 4097 422 4100 422 4102 422 4131 417 4183 408 4292 415 4380 420 4382 420 4385 420 4413 412 4442 405 4480 412 4518 417 4520 417 4629 408 4632 379 4627 341 3774 341 3772 341 3770 341 3767 341 3751 353 3744 356 3694 353 3561 344 3558 344 3425 356 3399 358 3380 358 3283 348 3281 348 3278 348 3254 358 3250 360 3243 358 3200 348 3198 348 3195 348 2889 363 2891 405"/></Shape>
	    <String CONTENT="et in circumferentia terminatae, actim sit quod tamen demonstrandan"
                    HPOS="2889"
                    VPOS="341"
                    WIDTH="1743"
                    HEIGHT="95"
                    WC="0.9832212302222181"></String>
          </TextLine>

          
          
          <TextLine ID="eSc_line_3b3c9ef7"
                    TAGREFS="LT11324"
                    BASELINE="2894 465 3482 446 4648 439" 
                    HPOS="2891"
                    VPOS="393"
                    WIDTH="1757"
                    HEIGHT="103">
            <Shape><Polygon POINTS="2894 488 3091 496 3093 496 3095 496 3112 488 3133 479 3198 488 3245 493 3247 493 3250 493 3269 486 3295 479 3397 486 3466 491 3468 491 3471 491 3487 486 3525 474 3644 484 3696 488 3698 488 3701 488 3710 484 3732 472 3905 481 3907 481 3986 469 4038 481 4047 484 4050 484 4052 484 4066 481 4112 472 4294 481 4339 481 4342 481 4344 481 4347 481 4347 479 4363 467 4646 477 4648 439 4641 393 4135 410 4104 403 4088 398 4085 398 4083 398 4038 403 3990 410 3936 405 3867 401 3865 401 3862 401 3860 401 3853 408 3843 412 3739 410 3516 403 3513 403 3511 403 3471 415 3461 417 3440 415 3338 405 3335 405 3333 405 3292 420 3285 420 3257 420 3072 410 3069 410 2962 422 2929 410 2927 410 2924 410 2922 410 2891 422 2894 465"/></Shape>
	    <String CONTENT="etit circulum a diametro bifariam secaria hcc quod tamen apud"
                    HPOS="2891"
                    VPOS="393"
                    WIDTH="1757"
                    HEIGHT="103"
                    WC="0.979870906618775"></String>
          </TextLine>

          
          
          <TextLine ID="eSc_line_f885c244"
                    TAGREFS="LT11324"
                    BASELINE="2908 534 3556 512 4622 500" 
                    HPOS="2905"
                    VPOS="448"
                    WIDTH="1717"
                    HEIGHT="121">
            <Shape><Polygon POINTS="2913 569 2936 555 3057 564 3060 564 3062 564 3065 564 3086 550 3126 564 3129 564 3131 564 3133 564 3136 564 3141 564 3186 548 3385 557 3444 560 3447 560 3449 560 3452 560 3454 555 3468 543 3530 543 3563 552 3577 557 3580 557 3582 557 3584 557 3601 552 3639 541 3782 548 3879 552 3881 552 3884 552 3898 545 3912 538 3955 543 4005 550 4007 550 4059 541 4102 534 4126 541 4154 548 4157 548 4159 548 4161 548 4192 538 4216 531 4299 536 4437 543 4439 543 4622 526 4622 500 4615 462 4430 462 4427 462 4361 448 4358 448 4356 448 4309 465 4297 467 4254 465 4121 455 4119 455 4116 455 4074 467 4062 469 4055 467 4024 450 4021 450 4019 450 4017 450 3952 467 3933 474 3774 474 3765 469 3748 455 3746 455 3744 455 3741 455 3739 455 3682 469 3658 477 3641 469 3606 458 3603 458 3601 458 3490 460 3487 460 3463 472 3447 481 3416 472 3376 462 3373 462 3371 462 3368 462 3326 474 3319 474 3302 474 3198 467 3195 467 3193 467 3190 467 3179 474 3174 479 3152 474 3103 467 3100 467 3098 467 3095 467 3084 477 3067 486 2905 479 2908 534"/></Shape>
	    <String CONTENT="Preclum Thales Milesius demonstrare est aggressus. Et cum idem Proctus"
                    HPOS="2905"
                    VPOS="448"
                    WIDTH="1717"
                    HEIGHT="121"
                    WC="0.9861371695995331"></String>
          </TextLine>

          
          
          <TextLine ID="eSc_line_212aa51d"
                    TAGREFS="LT11324"
                    BASELINE="2901 607 3352 586 4608 555" 
                    HPOS="2898"
                    VPOS="507"
                    WIDTH="1710"
                    HEIGHT="143">
            <Shape><Polygon POINTS="2901 628 2974 650 2977 650 2979 650 2981 650 3034 633 3091 647 3093 647 3095 647 3098 647 3162 624 3169 621 3183 621 3271 633 3273 633 3276 633 3328 619 3330 619 3399 633 3402 633 3404 633 3406 633 3430 617 3435 612 3516 612 3520 614 3547 631 3549 631 3551 631 3554 631 3556 631 3558 631 3580 614 3770 631 3772 631 3983 624 3986 624 4028 602 4038 595 4178 595 4183 598 4202 614 4204 614 4207 614 4271 617 4273 617 4385 614 4387 614 4389 614 4411 600 4503 609 4506 609 4508 609 4510 609 4539 588 4546 586 4605 586 4608 555 4598 507 4553 524 4508 512 4506 512 4503 512 4501 512 4465 529 4171 531 4138 522 4123 517 4121 517 4119 517 4116 517 4090 524 4028 541 3979 541 3960 526 3952 522 3950 522 3948 522 3945 522 3943 522 3922 529 3884 541 3843 531 3839 531 3836 531 3831 531 3767 545 3675 536 3618 531 3615 531 3613 531 3584 538 3568 543 3530 541 3461 536 3459 536 3456 536 3435 543 3418 550 3409 545 3402 538 3399 538 3397 538 3395 538 3392 538 3390 538 3380 545 3376 548 3371 545 3364 538 3361 538 3359 538 3357 538 3245 541 3243 541 3240 541 3240 543 3231 550 3221 562 3160 562 3150 552 3141 545 3138 545 3136 545 3133 545 3131 545 3129 545 3119 555 3110 562 3081 555 3050 548 3048 548 3046 548 3043 548 3041 548 3027 557 3012 564 2898 562 2901 607"/></Shape>
	    <String CONTENT="demonstrare tentans duas rectas non habure segmentum commune, et"
                    HPOS="2898"
                    VPOS="507"
                    WIDTH="1710"
                    HEIGHT="143"
                    WC="0.988939137198031"></String>
          </TextLine>

          
          
          <TextLine ID="eSc_line_6fc95cd9"
                    TAGREFS="LT11324"
                    BASELINE="2915 669 3271 650 3789 645 4584 617" 
                    HPOS="2913"
                    VPOS="581"
                    WIDTH="1671"
                    HEIGHT="119">
            <Shape><Polygon POINTS="2915 690 3060 700 3062 700 3065 700 3093 685 3095 685 3105 685 3198 695 3200 695 3202 695 3205 695 3221 681 3224 681 3238 681 3352 690 3354 690 3622 671 3675 681 3677 681 3748 664 3758 664 3765 664 3829 676 3831 676 3900 659 3907 659 3910 659 3926 671 3929 671 3931 671 3933 671 4062 669 4171 652 4178 652 4180 652 4268 662 4271 662 4273 662 4275 662 4294 647 4297 647 4309 647 4404 657 4406 657 4584 638 4584 617 4577 581 2913 636 2915 669"/></Shape>
	    <String CONTENT="sese si et spatium non comprehendere (hanc cinculi bi ectionem ad hebeat"
                    HPOS="2913"
                    VPOS="581"
                    WIDTH="1671"
                    HEIGHT="119"
                    WC="0.9656232703063223"></String>
          </TextLine>

          
          
          <TextLine ID="eSc_line_1ff1d3fa"
                    TAGREFS="LT11324"
                    BASELINE="2901 730 4601 664" 
                    HPOS="2898"
                    VPOS="617"
                    WIDTH="1703"
                    HEIGHT="144">
            <Shape><Polygon POINTS="4572 619 4408 638 4358 626 4351 626 4349 626 4347 626 4344 626 4344 628 4332 640 4304 628 4301 628 4299 628 4297 628 4285 631 4223 645 3981 645 3886 645 3884 645 3881 645 3879 645 3874 650 3858 659 3791 655 3741 650 3739 650 3736 650 3706 657 3670 666 3644 659 3620 655 3618 655 3615 655 3613 655 3580 664 3549 671 3528 666 3501 659 3499 659 3497 659 3442 671 3409 676 3378 674 3316 666 3314 666 2898 695 2901 730 2901 761 2970 749 3053 759 3079 761 3081 761 3084 761 3098 757 3145 745 3186 754 3200 757 3202 757 3240 752 3387 733 3537 742 3566 742 3568 742 3570 742 3575 740 3608 726 3641 735 3644 735 3646 735 3758 719 3858 730 3869 730 3872 730 3874 730 3879 728 3933 712 4216 716 4233 716 4235 716 4245 716 4427 693 4598 702 4601 664 4594 617 4582 617 4582 619"/></Shape>
	    <String CONTENT="itaque sequentes rereptam ritaque hinc in demonstramt ordiemur ecerta ilementa"
                    HPOS="2898"
                    VPOS="617"
                    WIDTH="1703"
                    HEIGHT="144"
                    WC="0.9716993138576165"></String>
          </TextLine>

          
          
          <TextLine ID="eSc_line_2cd37817"
                    TAGREFS="LT11324"
                    BASELINE="2905 785 3157 771" 
                    HPOS="2901"
                    VPOS="735"
                    WIDTH="256"
                    HEIGHT="88">
            <Shape><Polygon POINTS="2908 823 2989 806 3155 809 3157 771 3150 735 2901 742 2905 785"/></Shape>
	    <String CONTENT="sequentes."
                    HPOS="2901"
                    VPOS="735"
                    WIDTH="256"
                    HEIGHT="88"
                    WC="0.999806821346283"></String>
          </TextLine>

          
          
          <TextLine ID="eSc_line_082c16ef"
                    TAGREFS="LT11324"
                    BASELINE="3475 764 3516 761" 
                    HPOS="3471"
                    VPOS="719"
                    WIDTH="45"
                    HEIGHT="78">
            <Shape><Polygon POINTS="3475 797 3516 792 3516 761 3509 719 3471 723 3475 764"/></Shape>
	    <String CONTENT="hicu"
                    HPOS="3471"
                    VPOS="719"
                    WIDTH="45"
                    HEIGHT="78"
                    WC="0.9523031860589981"></String>
          </TextLine>

          
          
          <TextLine ID="eSc_line_ba5dc5be"
                    TAGREFS="LT11324"
                    BASELINE="3684 764 3839 752" 
                    HPOS="3679"
                    VPOS="702"
                    WIDTH="160"
                    HEIGHT="81">
            <Shape><Polygon POINTS="3684 783 3839 778 3839 752 3831 702 3679 723 3684 764"/></Shape>
	    <String CONTENT="tractire"
                    HPOS="3679"
                    VPOS="702"
                    WIDTH="160"
                    HEIGHT="81"
                    WC="0.9469141364097595"></String>
          </TextLine>

          
          
          <TextLine ID="eSc_line_eef76f3e"
                    TAGREFS="LT11324"
                    BASELINE="3003 835 3416 804 3858 795 4627 754" 
                    HPOS="2998"
                    VPOS="707"
                    WIDTH="1629"
                    HEIGHT="161">
            <Shape><Polygon POINTS="3805 757 3782 757 3758 759 3734 761 3710 764 3687 764 3682 754 3535 759 3532 759 3516 764 3490 773 3466 766 3433 757 3430 757 3428 757 3262 766 3259 766 3221 778 3174 790 2998 787 3003 835 3003 868 3193 849 3240 859 3264 861 3266 861 3269 861 3295 854 3347 842 3528 842 3592 842 3592 840 3594 840 3601 837 3620 828 3658 833 3691 837 3694 837 3770 828 3829 818 3843 823 3867 830 3869 830 3872 830 4351 797 4370 806 4373 806 4375 806 4520 785 4560 797 4563 797 4565 797 4567 797 4627 776 4627 754 4624 719 4506 707 4503 707 4385 728 4366 730 4363 728 4339 714 4337 714 4335 714 4332 714 4330 714 4290 726 4235 716 4233 716 4123 738 4090 747 3829 749 3829 754"/></Shape>
	    <String CONTENT="Quoniam autem minia constieni demonstrare Epharmonrice; itaque sectionibus et"
                    HPOS="2998"
                    VPOS="707"
                    WIDTH="1629"
                    HEIGHT="161"
                    WC="0.9387933507368162"></String>
          </TextLine>

          
          
          <TextLine ID="eSc_line_4981573f"
                    TAGREFS="LT11324"
                    BASELINE="2891 899 3349 863 4090 842 4677 804" 
                    HPOS="2889"
                    VPOS="759"
                    WIDTH="1788"
                    HEIGHT="178">
            <Shape><Polygon POINTS="2891 937 3086 930 3098 930 3235 901 3416 906 3418 906 3535 887 3625 899 3653 901 3656 901 3658 901 3672 897 3715 878 3812 887 3839 890 3841 890 3881 885 3952 873 3967 880 3979 885 3981 885 3983 885 3986 885 3988 885 3998 878 4007 873 4036 875 4090 880 4093 880 4306 861 4309 861 4313 859 4344 847 4399 854 4418 856 4420 856 4449 852 4510 840 4677 840 4677 804 4669 759 4541 780 4513 771 4510 771 4508 771 3879 814 3789 806 3739 804 3736 804 3734 804 3715 811 3687 821 3641 816 3606 811 3603 811 3601 811 3577 818 3544 830 3520 823 3501 816 3499 816 3497 816 3449 825 3416 833 3387 830 3347 825 3345 825 3292 835 3240 844 3219 840 3195 833 3193 833 3190 833 3188 833 3152 842 3133 847 3119 844 3076 837 3074 837 3072 837 3036 849 3015 856 3005 852 2993 842 2991 842 2989 842 2986 842 2889 856 2891 899"/></Shape>
	    <String CONTENT="congruentis Utarad spatie xiic etbequ ex Itaque utar rectionibus in construendo"
                    HPOS="2889"
                    VPOS="759"
                    WIDTH="1788"
                    HEIGHT="178"
                    WC="0.95137496613249"></String>
          </TextLine>

          
          
          <TextLine ID="eSc_line_4128699b"
                    TAGREFS="LT11324"
                    BASELINE="4133 885 4610 856" 
                    HPOS="4128"
                    VPOS="825"
                    WIDTH="482"
                    HEIGHT="88">
            <Shape><Polygon POINTS="4133 913 4610 871 4610 856 4603 825 4128 847 4133 885"/></Shape>
	    <String CONTENT="Homoeotitam in alium"
                    HPOS="4128"
                    VPOS="825"
                    WIDTH="482"
                    HEIGHT="88"
                    WC="0.9839196234941483"></String>
          </TextLine>

          
          
          <TextLine ID="eSc_line_1a14f7b6"
                    TAGREFS="LT11324"
                    BASELINE="2891 961 3333 923 4078 885" 
                    HPOS="2889"
                    VPOS="854"
                    WIDTH="1189"
                    HEIGHT="142">
            <Shape><Polygon POINTS="2894 996 3048 987 3050 987 3091 968 3200 977 3202 977 3205 977 3207 977 3326 954 3392 965 3395 965 3397 965 3447 946 3587 954 3594 954 3596 954 3599 954 3601 954 3658 935 3713 946 3720 946 3722 946 3725 946 3732 944 3801 925 3850 937 3853 937 3855 937 3865 937 4038 913 4076 923 4078 885 4074 854 3867 854 3865 854 3862 854 3822 868 3817 868 3812 868 3717 856 3715 856 3618 878 3592 868 3589 868 3587 868 3584 868 3582 868 3582 871 3570 880 3549 868 3547 868 3544 868 3542 868 3418 885 3345 878 3342 878 3186 887 3183 887 3145 908 3126 899 3124 899 3122 899 2889 923 2891 961"/></Shape>
	    <String CONTENT="et congruentiis in demonstrando, Tractationem autem"
                    HPOS="2889"
                    VPOS="854"
                    WIDTH="1189"
                    HEIGHT="142"
                    WC="0.9797141820776696"></String>
          </TextLine>

          
          
          <TextLine ID="eSc_line_f23ad844"
                    TAGREFS="LT11324"
                    BASELINE="2901 1011 4655 904" 
                    HPOS="2896"
                    VPOS="861"
                    WIDTH="1759"
                    HEIGHT="176">
            <Shape><Polygon POINTS="2901 1037 3179 1015 3221 1020 3321 1032 3323 1032 3326 1032 3397 1008 3421 1001 3437 1006 3473 1018 3475 1018 3478 1018 3915 996 3917 996 3993 970 3998 970 4000 970 4052 987 4055 987 4057 987 4059 987 4114 963 4116 963 4121 963 4202 973 4204 973 4207 973 4209 973 4233 956 4242 951 4301 951 4387 951 4389 951 4392 951 4411 944 4425 939 4437 942 4480 954 4482 954 4484 954 4655 927 4655 904 4650 873 4577 861 4575 861 3874 918 3796 908 3793 908 3791 908 3717 927 3717 930 3447 930 3444 930 3442 930 3395 946 3376 935 3373 935 3371 935 3368 935 3366 935 3364 935 3364 937 3349 949 3259 944 3257 944 3254 944 3252 944 3252 946 3240 958 2896 977 2901 1011"/></Shape>
	    <String CONTENT="locum s nunc sepono, ubi non tantum congruentia, sed et similitudine uto"
                    HPOS="2896"
                    VPOS="861"
                    WIDTH="1759"
                    HEIGHT="176"
                    WC="0.9623746507697635"></String>
          </TextLine>

          
          
          <TextLine ID="eSc_line_cd30a298"
                    TAGREFS="LT11324"
                    BASELINE="4076 1001 4534 965" 
                    HPOS="4071"
                    VPOS="930"
                    WIDTH="463"
                    HEIGHT="119">
            <Shape><Polygon POINTS="4081 1049 4116 1034 4195 1037 4247 1037 4249 1037 4252 1037 4254 1037 4254 1034 4256 1034 4259 1030 4266 1020 4283 1025 4304 1032 4306 1032 4309 1032 4413 1025 4415 1025 4418 1025 4442 1008 4451 1001 4534 996 4534 965 4529 930 4254 937 4071 963 4076 1001"/></Shape>
	    <String CONTENT=" ad  calculi modum"
                    HPOS="4071"
                    VPOS="930"
                    WIDTH="463"
                    HEIGHT="119"
                    WC="0.9584480689631568"></String>
          </TextLine>

          
          
          <TextLine ID="eSc_line_eb7754bd"
                    TAGREFS="LT11324"
                    BASELINE="2898 1065 3157 1044" 
                    HPOS="2894"
                    VPOS="1006"
                    WIDTH="263"
                    HEIGHT="88">
            <Shape><Polygon POINTS="2901 1094 3157 1068 3157 1044 3150 1006 2894 1018 2898 1065"/></Shape>
	    <String CONTENT="utendum est"
                    HPOS="2894"
                    VPOS="1006"
                    WIDTH="263"
                    HEIGHT="88"
                    WC="0.9656066244298761"></String>
          </TextLine>

          
          
          <TextLine ID="eSc_line_a62e9baa"
                    TAGREFS="LT11324"
                    BASELINE="2996 1101 3409 1065" 
                    HPOS="2991"
                    VPOS="1027"
                    WIDTH="418"
                    HEIGHT="95">
            <Shape><Polygon POINTS="3138 1044 2991 1063 2996 1101 2996 1122 3409 1098 3409 1065 3404 1030 3297 1027 3295 1027 3292 1027 3264 1041 3228 1034 3226 1034 3157 1041 3157 1044"/></Shape>
	    <String CONTENT="S pateatu est Hot"
                    HPOS="2991"
                    VPOS="1027"
                    WIDTH="418"
                    HEIGHT="95"
                    WC="0.9002001285552979"></String>
          </TextLine>

          
          
          <TextLine ID="eSc_line_00246cc4"
                    TAGREFS="LT11324"
                    BASELINE="3015 1139 3594 1089 4223 1051 4582 1015" 
                    HPOS="3010"
                    VPOS="963"
                    WIDTH="1572"
                    HEIGHT="218">
            <Shape><Polygon POINTS="3019 1181 3055 1162 3072 1172 3074 1172 3076 1172 3183 1153 3212 1165 3214 1165 3216 1165 3219 1165 3235 1162 3361 1139 3385 1148 3387 1148 3390 1148 3392 1148 3468 1132 3494 1141 3511 1146 3513 1146 3516 1146 3589 1139 3592 1139 3594 1139 3603 1132 3613 1122 3634 1127 3660 1134 3663 1134 3665 1134 3668 1134 3670 1134 3670 1132 3677 1124 3687 1113 3767 1108 3831 1110 3919 1115 3922 1115 4007 1108 4009 1108 4012 1108 4012 1105 4014 1105 4021 1096 4043 1105 4045 1105 4047 1105 4050 1105 4052 1105 4071 1089 4074 1089 4076 1089 4131 1098 4133 1098 4135 1098 4185 1079 4195 1077 4214 1077 4320 1084 4323 1084 4325 1084 4382 1063 4389 1060 4394 1060 4434 1075 4437 1075 4439 1075 4582 1044 4582 1015 4575 963 4382 1003 4107 1022 4069 1008 4055 1003 4052 1003 4050 1003 4047 1003 4024 1013 4009 1018 4002 1015 3983 1008 3981 1008 3979 1008 3010 1105 3015 1139"/></Shape>
	    <String CONTENT="punctum Ut autem sed demonstrationem propositi perveniamus, expli"
                    HPOS="3010"
                    VPOS="963"
                    WIDTH="1572"
                    HEIGHT="218"
                    WC="0.9804499351061308"></String>
          </TextLine>

          
          
          <TextLine ID="eSc_line_86bfbffa"
                    TAGREFS="LT11324"
                    BASELINE="4513 1134 4544 1132" 
                    HPOS="4508"
                    VPOS="1094"
                    WIDTH="36"
                    HEIGHT="59">
            <Shape><Polygon POINTS="4513 1153 4544 1153 4544 1132 4537 1094 4508 1098 4513 1134"/></Shape>
	    <String CONTENT="s"
                    HPOS="4508"
                    VPOS="1094"
                    WIDTH="36"
                    HEIGHT="59"
                    WC="0.7547412514686584"></String>
          </TextLine>

          
          
          <TextLine ID="eSc_line_bd1a6708"
                    TAGREFS="LT11324"
                    BASELINE="2901 1198 3741 1148 4613 1079" 
                    HPOS="2896"
                    VPOS="1037"
                    WIDTH="1717"
                    HEIGHT="201">
            <Shape><Polygon POINTS="2908 1238 2922 1224 2974 1222 2989 1231 2996 1236 2998 1236 3000 1236 3003 1236 3062 1227 3143 1210 3157 1217 3164 1224 3167 1224 3169 1224 3171 1227 3245 1227 3245 1224 3247 1224 3250 1224 3269 1210 3278 1203 3304 1208 3345 1212 3347 1212 3349 1212 3352 1212 3368 1203 3385 1191 3485 1186 3509 1191 3547 1200 3549 1200 3551 1200 3687 1193 3689 1193 3727 1174 3736 1170 3751 1172 3803 1184 3805 1184 3808 1184 3865 1165 3926 1177 3929 1177 3931 1177 3990 1153 4000 1151 4012 1153 4097 1165 4100 1165 4102 1165 4166 1141 4171 1139 4173 1139 4209 1151 4211 1151 4214 1151 4216 1151 4218 1151 4237 1134 4240 1134 4247 1134 4368 1146 4370 1146 4491 1117 4584 1122 4586 1122 4589 1122 4591 1122 4613 1105 4613 1079 4605 1037 4518 1053 4434 1049 4423 1049 4420 1049 4418 1049 4413 1051 4375 1068 4271 1072 4254 1063 4252 1060 4249 1060 4247 1060 4245 1060 4242 1060 4235 1063 4202 1077 4159 1070 4147 1068 4145 1068 4142 1068 4133 1070 4100 1084 4081 1075 4076 1072 4074 1072 4071 1072 4069 1072 4050 1077 4000 1091 3962 1084 3945 1082 3943 1082 3941 1082 3929 1086 3898 1098 3858 1091 3836 1089 3834 1089 3782 1098 3691 1115 3490 1127 3473 1120 3461 1115 3459 1115 3456 1115 3404 1124 3352 1139 3150 1151 3131 1146 3114 1141 3112 1141 3110 1141 3107 1141 3086 1151 3076 1153 3072 1151 3057 1143 3055 1143 3053 1143 3050 1143 3048 1143 3036 1153 3029 1158 3003 1155 2948 1151 2946 1151 2943 1151 2896 1162 2901 1198"/></Shape>
	    <String CONTENT="canda sunt Nationes, quadamp quibus est opus et calculo exprinmendae No"
                    HPOS="2896"
                    VPOS="1037"
                    WIDTH="1717"
                    HEIGHT="201"
                    WC="0.9543729810647561"></String>
          </TextLine>

          
          
          <TextLine ID="eSc_line_a31d1954"
                    TAGREFS="LT11324"
                    BASELINE="2905 1264 3563 1215" 
                    HPOS="2901"
                    VPOS="1174"
                    WIDTH="662"
                    HEIGHT="126">
            <Shape><Polygon POINTS="2908 1300 3098 1291 3131 1283 3190 1269 3245 1274 3292 1276 3295 1276 3297 1276 3323 1267 3347 1257 3368 1262 3404 1269 3406 1269 3409 1269 3440 1255 3442 1255 3444 1255 3487 1262 3490 1262 3492 1262 3494 1262 3494 1260 3497 1260 3504 1250 3518 1260 3520 1260 3523 1260 3525 1260 3528 1260 3563 1243 3563 1215 3558 1177 3371 1174 3368 1174 3366 1174 3364 1174 3340 1191 3335 1193 3326 1191 3276 1181 3273 1181 3271 1181 3269 1181 3247 1196 3240 1203 3124 1208 3119 1205 3095 1196 3093 1196 3091 1196 3088 1196 3086 1196 3086 1198 3084 1198 3076 1208 3074 1212 3046 1210 2965 1205 2962 1205 2960 1205 2901 1219 2905 1264"/></Shape>
	    <String CONTENT="tiones quaedam quibus est apus;"
                    HPOS="2901"
                    VPOS="1174"
                    WIDTH="662"
                    HEIGHT="126"
                    WC="0.976346242812372"></String>
          </TextLine>

          
          
          <TextLine ID="eSc_line_11d1042a"
                    TAGREFS="LT11324"
                    BASELINE="3008 1310 4591 1193" 
                    HPOS="3003"
                    VPOS="1146"
                    WIDTH="1588"
                    HEIGHT="204">
            <Shape><Polygon POINTS="3010 1350 3181 1338 3183 1338 3186 1338 3205 1321 3240 1333 3243 1333 3245 1333 3247 1333 3250 1333 3333 1312 3357 1324 3359 1324 3361 1324 3463 1319 3466 1319 3475 1314 3499 1302 3516 1312 3523 1314 3525 1314 3528 1314 3608 1302 3760 1281 3791 1288 3817 1293 3820 1293 3888 1279 3922 1274 3955 1274 4043 1276 4045 1276 4047 1276 4078 1264 4090 1260 4102 1262 4140 1269 4142 1269 4145 1269 4171 1255 4178 1253 4190 1255 4235 1262 4237 1262 4240 1262 4266 1248 4278 1241 4591 1219 4591 1193 4586 1155 4463 1146 4461 1146 4202 1165 4199 1165 4152 1189 4145 1193 4074 1198 4064 1196 4021 1179 4019 1179 4017 1179 4014 1179 4012 1179 3979 1203 3974 1205 3955 1203 3884 1196 3881 1196 3879 1196 3877 1196 3850 1212 3843 1215 3815 1215 3732 1212 3729 1212 3727 1212 3706 1222 3701 1224 3691 1224 3589 1210 3587 1210 3584 1210 3530 1236 3523 1238 3504 1238 3454 1234 3452 1234 3235 1257 3169 1264 3167 1262 3150 1253 3148 1253 3145 1253 3143 1253 3003 1274 3008 1310"/></Shape>
	    <String CONTENT="Punctum est a quo quicquid est, cum ipso coincidit. Nempe sit si tale sit"
                    HPOS="3003"
                    VPOS="1146"
                    WIDTH="1588"
                    HEIGHT="204"
                    WC="0.970538272433085"></String>
          </TextLine>

          
          
          <TextLine ID="eSc_line_f35f1395"
                    TAGREFS="LT11324"
                    BASELINE="2929 1386 4544 1253 4639 1255" 
                    HPOS="2924"
                    VPOS="1212"
                    WIDTH="1723"
                    HEIGHT="221">
            <Shape><Polygon POINTS="2934 1433 3005 1414 3046 1424 3048 1424 3050 1424 3053 1424 3088 1405 3162 1412 3164 1412 3167 1412 3169 1412 3200 1390 3281 1383 3302 1397 3304 1397 3307 1397 3309 1397 3409 1395 3425 1393 3573 1381 3575 1381 3577 1381 3613 1362 3634 1371 3637 1371 3639 1371 3641 1371 3717 1348 3853 1357 3860 1357 3862 1357 3865 1357 3869 1357 3976 1326 4000 1338 4002 1338 4005 1338 4138 1314 4363 1314 4380 1314 4382 1314 4394 1312 4560 1279 4632 1289 4647 1221 4646 1212 4297 1227 4294 1227 4271 1238 4261 1246 4145 1253 4128 1250 4095 1243 4093 1243 4090 1243 4088 1243 4071 1255 4059 1260 3993 1260 3917 1260 3915 1260 3874 1269 3829 1279 3772 1276 3717 1274 3715 1274 3713 1274 3675 1283 3625 1295 3596 1288 3575 1286 3573 1286 3570 1286 3568 1286 3558 1293 3542 1302 3530 1295 3525 1291 3523 1291 3520 1291 3518 1291 3425 1298 3423 1298 3402 1305 3357 1317 3326 1310 3311 1307 3309 1307 3231 1317 2991 1348 2924 1340 2929 1386"/></Shape>
	    <String CONTENT="A, ut si tale sit A, ut Bolito B esse in A, sequatur A et B coincidere dicitur."
                    HPOS="2924"
                    VPOS="1212"
                    WIDTH="1723"
                    HEIGHT="221"
                    WC="0.9779975104935562"></String>
          </TextLine>

          
          
          <TextLine ID="eSc_line_c37db909"
                    TAGREFS="LT11324"
                    BASELINE="3993 1348 4090 1343" 
                    HPOS="3990"
                    VPOS="1310"
                    WIDTH="100"
                    HEIGHT="64">
            <Shape><Polygon POINTS="3993 1374 4090 1369 4090 1343 4083 1310 3990 1312 3993 1348"/></Shape>
	    <String CONTENT="cmgi"
                    HPOS="3990"
                    VPOS="1310"
                    WIDTH="100"
                    HEIGHT="64"
                    WC="0.8766665011644363"></String>
          </TextLine>

          
          
          <TextLine ID="eSc_line_e78243c8"
                    TAGREFS="LT11324"
                    BASELINE="3000 1433 3302 1407" 
                    HPOS="2996"
                    VPOS="1364"
                    WIDTH="306"
                    HEIGHT="107">
            <Shape><Polygon POINTS="3003 1471 3138 1464 3141 1464 3145 1464 3221 1440 3300 1450 3302 1407 3297 1374 3273 1364 3271 1364 3269 1364 2996 1400 3000 1433"/></Shape>
	    <String CONTENT="A esse punctum"
                    HPOS="2996"
                    VPOS="1364"
                    WIDTH="306"
                    HEIGHT="107"
                    WC="0.9850277091775622"></String>
          </TextLine>

          
          
          <TextLine ID="eSc_line_0239a1e8"
                    TAGREFS="LT11324"
                    BASELINE="3027 1499 3884 1405 4261 1381" 
                    HPOS="3022"
                    VPOS="1331"
                    WIDTH="1242"
                    HEIGHT="197">
            <Shape><Polygon POINTS="3195 1526 3198 1526 3226 1511 3247 1502 3423 1485 3456 1490 3490 1495 3492 1495 3494 1495 3497 1495 3497 1492 3499 1492 3504 1485 3506 1480 3513 1485 3520 1490 3523 1490 3525 1490 3528 1490 3530 1490 3532 1490 3544 1483 3551 1478 3570 1480 3606 1483 3608 1483 3611 1483 3651 1471 3701 1457 3722 1464 3734 1469 3736 1469 3739 1469 3791 1459 3886 1438 3929 1445 3950 1447 3952 1447 3955 1447 3957 1447 3957 1445 3960 1445 3962 1442 3969 1433 4002 1438 4021 1440 4024 1440 4264 1412 4261 1381 4252 1331 3900 1374 3820 1374 3789 1374 3786 1374 3784 1374 3782 1374 3777 1378 3763 1388 3744 1381 3729 1376 3727 1376 3725 1376 3625 1386 3622 1386 3620 1386 3608 1395 3589 1405 3516 1405 3501 1405 3499 1405 3497 1405 3492 1407 3461 1419 3425 1412 3402 1409 3399 1409 3397 1409 3373 1419 3347 1428 3338 1421 3333 1416 3330 1416 3328 1416 3326 1416 3323 1416 3321 1416 3321 1419 3314 1424 3302 1435 3281 1428 3271 1424 3269 1424 3266 1424 3164 1433 3162 1433 3129 1442 3069 1459 3022 1454 3027 1499 3029 1528"/></Shape>
	    <String CONTENT="Coincidere dicuntur A et B, si A sit in B, et, B sit in si"
                    HPOS="3022"
                    VPOS="1331"
                    WIDTH="1242"
                    HEIGHT="197"
                    WC="0.9652840746887799"></String>
          </TextLine>

          
          
          <TextLine ID="eSc_line_1525078d"
                    TAGREFS="LT11324"
                    BASELINE="3019 1552 4226 1440" 
                    HPOS="3015"
                    VPOS="1405"
                    WIDTH="1213"
                    HEIGHT="178">
            <Shape><Polygon POINTS="3022 1583 4228 1471 4226 1440 4221 1409 4114 1405 4112 1405 4109 1405 4045 1424 4033 1426 4028 1426 3990 1414 3988 1414 3986 1414 3983 1414 3950 1431 3779 1433 3777 1433 3774 1433 3751 1447 3689 1442 3687 1442 3684 1442 3639 1459 3625 1464 3606 1461 3554 1457 3551 1457 3549 1457 3490 1473 3468 1478 3456 1476 3425 1466 3423 1466 3421 1466 3418 1466 3383 1483 3368 1488 3357 1485 3323 1476 3321 1476 3319 1476 3316 1476 3264 1492 3240 1502 3015 1514 3019 1552"/></Shape>
	    <String CONTENT="Coincidunt quae sibi mutuo substitui possnt. Demo"
                    HPOS="3015"
                    VPOS="1405"
                    WIDTH="1213"
                    HEIGHT="178"
                    WC="0.9537753298574564"></String>
          </TextLine>

          
          
          <TextLine ID="eSc_line_c77fa76d"
                    TAGREFS="LT11324"
                    BASELINE="2830 1613 2991 1597 3200 1592 3482 1554 3869 1526 4126 1495" 
                    HPOS="2825"
                    VPOS="1459"
                    WIDTH="1301"
                    HEIGHT="192">
            <Shape><Polygon POINTS="2830 1613 2832 1651 3456 1585 3506 1592 3509 1592 3511 1592 3558 1575 3573 1587 3575 1587 3577 1587 3580 1587 3582 1587 3584 1587 3639 1571 3660 1580 3663 1580 3665 1580 3668 1580 3670 1580 3717 1561 3839 1564 3843 1564 3846 1564 3853 1564 3981 1537 4107 1537 4126 1535 4126 1495 4119 1459 3713 1504 3644 1504 3561 1504 3558 1504 3556 1504 3525 1516 3504 1526 3143 1556 3138 1554 3124 1545 3122 1545 3119 1545 3117 1545 3003 1566 3000 1568 2998 1568 2863 1568 2860 1568 2858 1568 2827 1580 2825 1587"/></Shape>
	    <String CONTENT="A et B coincidiqpest A A et B coincidere, quod est A esse in B, et B esse in"
                    HPOS="2825"
                    VPOS="1459"
                    WIDTH="1301"
                    HEIGHT="192"
                    WC="0.9561066533389845"></String>
          </TextLine>

          
          
          <TextLine ID="eSc_line_20d5c662"
                    TAGREFS="LT11324"
                    BASELINE="2996 1658 3485 1602 3896 1571 4266 1518 4577 1490" 
                    HPOS="2989"
                    VPOS="1442"
                    WIDTH="1588"
                    HEIGHT="254">
            <Shape><Polygon POINTS="3689 1540 3682 1547 3665 1559 3582 1566 3570 1559 3566 1554 3563 1554 3561 1554 3558 1554 3556 1554 3539 1561 3511 1573 3480 1566 3459 1564 3456 1564 3454 1564 3435 1571 3416 1583 3340 1583 3278 1583 3276 1583 3273 1583 3269 1583 3264 1590 3245 1604 2989 1616 2996 1658 2998 1696 3136 1670 3174 1677 3179 1677 3181 1677 3183 1677 3188 1675 3231 1656 3264 1666 3266 1666 3269 1666 3271 1666 3359 1639 3535 1635 3542 1635 3566 1632 3582 1630 3596 1618 3615 1625 3618 1625 3620 1625 3622 1625 3694 1606 3739 1613 3753 1616 3755 1616 3758 1616 3760 1616 3760 1613 3765 1611 3782 1597 3872 1599 3910 1599 3912 1599 4109 1578 4112 1578 4114 1578 4121 1571 4138 1559 4173 1566 4197 1568 4199 1568 4202 1568 4235 1559 4273 1547 4299 1552 4325 1554 4328 1554 4577 1518 4577 1490 4570 1450 4563 1442 4560 1442 4558 1442 4556 1442 4553 1442 4551 1442 4525 1459 4475 1452 4472 1452 4178 1483 4176 1483 4119 1502 4088 1514 3736 1549 3722 1542 3713 1537 3698 1540"/></Shape>
	    <String CONTENT="idrm est coincisere uot A et B coincidere est quocquid est in A esse in B, et quinquid e"
                    HPOS="2989"
                    VPOS="1442"
                    WIDTH="1588"
                    HEIGHT="254"
                    WC="0.9722263474356044"></String>
          </TextLine>

          
          
          <TextLine ID="eSc_line_fe0290e2"
                    TAGREFS="LT11324"
                    BASELINE="2953 1711 3577 1635 3893 1613 4472 1545 4594 1540" 
                    HPOS="2948"
                    VPOS="1492"
                    WIDTH="1646"
                    HEIGHT="257">
            <Shape><Polygon POINTS="4522 1495 4503 1509 4503 1511 4152 1549 4147 1547 4138 1540 4135 1540 4133 1540 4131 1540 4128 1540 4081 1554 4066 1559 4059 1556 4038 1549 4033 1552 4012 1554 4005 1564 4000 1568 3910 1573 3646 1592 2948 1675 2953 1711 2958 1749 2965 1749 3008 1734 3098 1734 3100 1734 3103 1734 3105 1734 3133 1718 3212 1720 3214 1720 3361 1694 3380 1704 3383 1704 3385 1704 3397 1701 3573 1668 3672 1670 3677 1670 3679 1670 3872 1649 3979 1635 3981 1635 4017 1618 4052 1628 4055 1628 4057 1628 4071 1625 4228 1597 4301 1599 4306 1599 4309 1599 4311 1599 4313 1599 4351 1580 4366 1590 4368 1590 4370 1590 4373 1590 4594 1566 4594 1540 4586 1499 4539 1492 4527 1495"/></Shape>
	    <String CONTENT="in B esse in A, Idque eodem tempore. Nam alioqui in transformatione secus est "
                    HPOS="2948"
                    VPOS="1492"
                    WIDTH="1646"
                    HEIGHT="257"
                    WC="0.9590302048585354"></String>
          </TextLine>

          
          
          <TextLine ID="eSc_line_14a7d351"
                    TAGREFS="LT11324"
                    BASELINE="2951 1753 3200 1734 3592 1680 4064 1649 4480 1602 4605 1594" 
                    HPOS="2946"
                    VPOS="1561"
                    WIDTH="1659"
                    HEIGHT="228">
            <Shape><Polygon POINTS="2955 1789 3008 1775 3031 1782 3048 1787 3050 1787 3053 1787 3148 1777 3150 1777 3174 1768 3188 1761 3209 1763 3243 1768 3245 1768 3247 1768 3250 1768 3266 1758 3276 1751 3295 1753 3319 1758 3321 1758 3387 1744 3456 1730 3482 1734 3509 1739 3511 1739 3513 1739 3516 1739 3530 1730 3549 1718 3805 1694 3831 1699 3877 1706 3879 1706 3983 1682 3986 1682 3988 1682 4017 1692 4019 1692 4021 1692 4024 1692 4026 1692 4050 1675 4055 1673 4071 1673 4169 1677 4171 1677 4313 1647 4344 1642 4358 1642 4437 1651 4439 1651 4605 1616 4605 1594 4601 1561 4351 1571 4349 1571 4287 1590 4280 1592 4275 1592 4254 1583 4252 1583 4249 1583 4152 1604 4135 1606 4128 1606 4088 1597 4085 1597 4083 1597 4081 1597 4062 1611 4057 1616 4007 1618 3801 1628 3798 1628 3767 1639 3760 1642 3753 1642 3701 1635 3698 1635 2946 1718 2951 1753"/></Shape>
	    <String CONTENT="ubi quicqud in uno ponitur  uno tempone, in alio ponitur alio tempore"
                    HPOS="2946"
                    VPOS="1561"
                    WIDTH="1659"
                    HEIGHT="228"
                    WC="0.9798419268234916"></String>
          </TextLine>

          
          
          <TextLine ID="eSc_line_ae2ce2d2"
                    TAGREFS="LT11324"
                    BASELINE="4480 1746 4665 1739" 
                    HPOS="4477"
                    VPOS="1694"
                    WIDTH="188"
                    HEIGHT="76">
            <Shape><Polygon POINTS="4480 1770 4665 1763 4665 1739 4658 1694 4477 1713 4480 1746"/></Shape>
	    <String CONTENT="vel Cvel i"
                    HPOS="4477"
                    VPOS="1694"
                    WIDTH="188"
                    HEIGHT="76"
                    WC="0.8705047965049744"></String>
          </TextLine>

          
          
          <TextLine ID="eSc_line_42e4ef7a"
                    TAGREFS="LT11324"
                    BASELINE="2974 1806 3646 1730 3848 1715" 
                    HPOS="2970"
                    VPOS="1680"
                    WIDTH="878"
                    HEIGHT="161">
            <Shape><Polygon POINTS="2977 1841 3126 1832 3129 1832 3143 1825 3176 1810 3264 1810 3316 1810 3319 1810 3390 1796 3480 1777 3509 1782 3539 1787 3542 1787 3544 1787 3577 1775 3608 1763 3625 1768 3646 1775 3649 1775 3651 1775 3715 1768 3717 1768 3720 1768 3720 1765 3732 1756 3741 1749 3770 1751 3822 1756 3824 1756 3827 1756 3829 1756 3848 1742 3848 1715 3841 1680 2970 1770 2974 1806"/></Shape>
	    <String CONTENT="Si quicquid est in A sit in B, etiam A est in B"
                    HPOS="2970"
                    VPOS="1680"
                    WIDTH="878"
                    HEIGHT="161"
                    WC="0.9974569361260597"></String>
          </TextLine>

          
          
          <TextLine ID="eSc_line_a4c42729"
                    TAGREFS="LT11324"
                    BASELINE="2946 1863 3589 1794 3834 1782 3948 1758 4133 1744 4273 1715 4506 1701" 
                    HPOS="2941"
                    VPOS="1651"
                    WIDTH="1565"
                    HEIGHT="250">
            <Shape><Polygon POINTS="2948 1884 2993 1901 2996 1901 2998 1901 3000 1901 3093 1870 3098 1867 3238 1855 3254 1855 3302 1855 3323 1870 3326 1870 3328 1870 3330 1870 3542 1834 3843 1817 3952 1794 4052 1796 4055 1796 4057 1796 4116 1775 4294 1772 4297 1772 4342 1749 4356 1742 4506 1732 4506 1701 4496 1651 4363 1677 4254 1677 4199 1680 4197 1680 4180 1687 4128 1708 4100 1696 4088 1692 4085 1692 4083 1692 4081 1692 4062 1699 4033 1713 4017 1706 4007 1701 4005 1701 4002 1701 3924 1708 3922 1708 3919 1708 3910 1718 3891 1732 3789 1732 3767 1732 3765 1732 3763 1732 3760 1732 3760 1734 3758 1734 3748 1749 3658 1756 3632 1749 3613 1744 3611 1744 3608 1744 3606 1744 3587 1753 3566 1765 3494 1765 3456 1765 3454 1765 3385 1777 3307 1791 3297 1787 3288 1782 3285 1782 3283 1782 3219 1796 3186 1803 3174 1801 3143 1796 3141 1796 3138 1796 3084 1813 3069 1815 3065 1815 3034 1806 3031 1806 3029 1806 3027 1806 2941 1827 2946 1863"/></Shape>
	    <String CONTENT="spatium est docus comnimm punctorum si punctum quodcunque Y. spatiqus exit "
                    HPOS="2941"
                    VPOS="1651"
                    WIDTH="1565"
                    HEIGHT="250"
                    WC="0.9089845701058705"></String>
          </TextLine>

          
          
          <TextLine ID="eSc_line_993673e4"
                    TAGREFS="LT11324"
                    BASELINE="2951 1912 3264 1896 3421 1870 4285 1782" 
                    HPOS="2946"
                    VPOS="1749"
                    WIDTH="1339"
                    HEIGHT="197">
            <Shape><Polygon POINTS="2953 1946 3368 1917 3371 1917 3423 1901 3456 1891 3475 1896 3511 1903 3513 1903 3516 1903 3544 1889 3570 1874 3682 1874 3725 1872 3727 1872 3734 1867 3758 1855 3774 1865 3793 1874 3796 1874 3798 1874 3801 1874 3803 1874 3803 1872 3805 1872 3815 1860 3822 1851 4047 1827 4100 1832 4152 1834 4159 1834 4180 1832 4185 1829 4199 1820 4209 1813 4285 1813 4285 1782 4280 1756 4240 1749 4237 1749 3893 1791 3777 1806 3760 1803 3732 1798 3729 1798 3644 1813 3582 1825 3558 1822 3535 1817 3532 1817 3530 1817 3528 1817 3518 1825 3504 1834 2946 1874 2951 1912"/></Shape>
	    <String CONTENT="Exhaurientia ipsius A sunt plura A, B, C, si nihil sit in A, quod n"
                    HPOS="2946"
                    VPOS="1749"
                    WIDTH="1339"
                    HEIGHT="197"
                    WC="0.9744301954312111"></String>
          </TextLine>

          
          
          <TextLine ID="eSc_line_b584daa0"
                    TAGREFS="LT11324"
                    BASELINE="2972 1981 3114 1955 3789 1886 4399 1808 4544 1794 4655 1796" 
                    HPOS="2965"
                    VPOS="1746"
                    WIDTH="1693"
                    HEIGHT="266">
            <Shape><Polygon POINTS="2974 2012 3129 2003 3131 2003 3145 1998 3174 1984 3198 1991 3207 1993 3209 1993 3212 1993 3214 1993 3224 1988 3262 1967 3402 1950 3506 1958 3525 1958 3528 1958 3625 1946 3627 1946 3630 1946 3630 1943 3632 1943 3644 1929 3767 1929 3801 1927 3803 1927 3812 1924 3874 1896 4009 1882 4066 1896 4069 1896 4071 1896 4074 1896 4154 1886 4157 1886 4161 1884 4216 1863 4294 1863 4297 1863 4299 1863 4366 1841 4444 1853 4446 1853 4449 1853 4494 1832 4522 1844 4525 1844 4527 1844 4658 1829 4655 1796 4648 1746 2965 1939 2972 1981"/></Shape>
	    <String CONTENT="centinuum est in vicissimque nihil in ipsis quod non sit in A, et samen sit n uno, quod non est inces"
                    HPOS="2965"
                    VPOS="1746"
                    WIDTH="1693"
                    HEIGHT="266"
                    WC="0.9493161168428931"></String>
          </TextLine>

          
          
          <TextLine ID="eSc_line_3c44f594"
                    TAGREFS="LT11324"
                    BASELINE="2970 2026 3727 1962 4411 1879 4634 1860" 
                    HPOS="2965"
                    VPOS="1817"
                    WIDTH="1671"
                    HEIGHT="243">
            <Shape><Polygon POINTS="2972 2060 3243 2024 3283 2031 3349 2041 3352 2041 3354 2041 3404 2017 3416 2012 3433 2014 3497 2026 3499 2026 3853 1991 3855 1991 3945 1960 3969 1953 3979 1958 4000 1967 4002 1967 4005 1967 4007 1967 4009 1967 4028 1950 4033 1948 4038 1950 4069 1965 4071 1965 4074 1965 4076 1965 4078 1965 4112 1943 4123 1934 4301 1917 4318 1922 4361 1934 4363 1934 4366 1934 4368 1934 4404 1917 4439 1924 4442 1924 4636 1886 4634 1860 4627 1817 4349 1846 4347 1846 4342 1848 4318 1860 4247 1858 4221 1858 4218 1858 4216 1858 4204 1863 4169 1879 4138 1870 4128 1867 4126 1867 4123 1867 4121 1867 4107 1874 4074 1889 4047 1879 4036 1877 4033 1877 4031 1877 4028 1877 4012 1884 3979 1898 3948 1891 3938 1889 3936 1889 3933 1889 3931 1889 3929 1889 3924 1893 3905 1905 3867 1901 3848 1898 3846 1898 3843 1898 3841 1898 3834 1903 3812 1917 3535 1943 3516 1939 3490 1931 3487 1931 3485 1931 3482 1931 3452 1946 3435 1953 3404 1950 3347 1946 3345 1946 3342 1946 3300 1962 3285 1967 3250 1967 3169 1967 3167 1967 3164 1967 3136 1981 3124 1986 2965 1998 2970 2026"/></Shape>
	    <String CONTENT="continuum est, A in quo utcunque sumta bina exhaurientia B et C, habent"
                    HPOS="2965"
                    VPOS="1817"
                    WIDTH="1671"
                    HEIGHT="243"
                    WC="0.9967139984520388"></String>
          </TextLine>

          
          
          <TextLine ID="eSc_line_f0f8c3a7"
                    TAGREFS="LT11324"
                    BASELINE="2974 2079 3326 2050" 
                    HPOS="2970"
                    VPOS="2003"
                    WIDTH="356"
                    HEIGHT="92">
            <Shape><Polygon POINTS="2974 2095 3326 2076 3326 2050 3319 2003 2970 2036 2974 2079"/></Shape>
	    <String CONTENT="aliquid commune"
                    HPOS="2970"
                    VPOS="2003"
                    WIDTH="356"
                    HEIGHT="92"
                    WC="0.9933573285738627"></String>
          </TextLine>

          
          
          <TextLine ID="eSc_line_9db404c7"
                    TAGREFS="LT11324"
                    BASELINE="2929 2133 3525 2067 4603 1969" 
                    HPOS="2924"
                    VPOS="1922"
                    WIDTH="1681"
                    HEIGHT="244">
            <Shape><Polygon POINTS="3302 2052 3278 2055 3254 2057 3243 2057 3240 2060 3226 2067 2986 2086 2984 2086 2974 2076 2972 2076 2970 2076 2967 2076 2965 2076 2924 2088 2927 2109 2929 2133 2932 2166 3309 2117 3342 2126 3354 2131 3357 2131 3359 2131 3411 2119 3516 2095 3656 2095 3722 2093 3725 2093 3744 2086 3784 2071 3858 2074 3929 2076 3931 2076 3933 2076 3960 2064 3983 2052 4007 2057 4024 2062 4026 2062 4028 2062 4031 2062 4045 2055 4062 2045 4109 2048 4178 2052 4180 2052 4356 2036 4358 2036 4394 2019 4408 2012 4434 2014 4503 2022 4506 2022 4508 2022 4510 2022 4541 2003 4548 1998 4605 1995 4603 1969 4596 1922 4427 1934 4425 1934 4423 1934 4415 1939 4396 1953 4318 1948 4280 1948 4278 1948 4275 1948 4249 1955 4202 1974 4066 1974 4036 1976 4033 1976 4019 1979 3967 1993 3931 1988 3907 1986 3905 1986 3824 2000 3753 2012 3734 2010 3706 2003 3703 2003 3701 2003 3649 2017 3625 2024 3596 2024 3535 2019 3532 2019 3530 2019 3490 2033 3475 2038 3466 2036 3435 2029 3433 2029 3430 2029 3428 2029 3395 2043 3380 2050 3338 2050 3326 2048 3326 2050"/></Shape>
	    <String CONTENT="ind commune duobus exhaurientibus B et C, ajusdem totius A, possit aetrahi ab"
                    HPOS="2924"
                    VPOS="1922"
                    WIDTH="1681"
                    HEIGHT="244"
                    WC="0.9566625170893484"></String>
          </TextLine>

          
          
          <TextLine ID="eSc_line_b09caa50"
                    TAGREFS="LT11324"
                    BASELINE="2951 2181 3675 2107 4480 2041" 
                    HPOS="2946"
                    VPOS="2000"
                    WIDTH="1534"
                    HEIGHT="221">
            <Shape><Polygon POINTS="2955 2221 3043 2192 3186 2200 3188 2200 3190 2200 3193 2200 3195 2200 3195 2197 3219 2176 3335 2181 3338 2181 3340 2181 3342 2181 3342 2178 3345 2178 3352 2169 3385 2181 3387 2181 3390 2181 3392 2181 3461 2159 3485 2171 3487 2171 3490 2171 3542 2169 3632 2159 3634 2159 3637 2159 3637 2157 3663 2136 3694 2145 3696 2145 3698 2145 3791 2124 3862 2131 3865 2131 3867 2131 3922 2112 3969 2128 3971 2128 3974 2128 3976 2128 3979 2128 4007 2105 4152 2109 4154 2109 4157 2109 4259 2081 4306 2098 4309 2098 4311 2098 4313 2098 4316 2098 4394 2071 4480 2081 4480 2041 4472 2000 4121 2038 4066 2038 3995 2038 3993 2038 3912 2052 3862 2062 3817 2062 3736 2062 3734 2062 3732 2062 3677 2076 3653 2081 3618 2081 3528 2081 3525 2081 3397 2102 3366 2107 3354 2107 3290 2102 3288 2102 3285 2102 3283 2102 3264 2117 3259 2119 2946 2145 2951 2181"/></Shape>
	    <String CONTENT="uno velut B, nec tamem adjui ita ut licet non adjiciatur ad c, tamen ipsi"
                    HPOS="2946"
                    VPOS="2000"
                    WIDTH="1534"
                    HEIGHT="221"
                    WC="0.9768373362005573"></String>
          </TextLine>

          
          
          <TextLine ID="eSc_line_5121ee88"
                    TAGREFS="LT11324"
                    BASELINE="2979 2238 3252 2219 3494 2188 3651 2185 4150 2133 4653 2100" 
                    HPOS="2974"
                    VPOS="2052"
                    WIDTH="1679"
                    HEIGHT="205">
            <Shape><Polygon POINTS="3150 2257 3152 2257 3155 2257 3198 2240 3209 2235 3252 2235 3366 2235 3368 2235 3371 2235 3373 2235 3373 2233 3383 2226 3387 2221 3411 2223 3452 2226 3454 2226 3456 2226 3473 2219 3490 2211 3504 2216 3530 2223 3532 2223 3535 2223 3537 2223 3573 2211 3592 2204 3603 2209 3625 2216 3627 2216 3630 2216 3691 2202 3741 2190 3760 2197 3777 2202 3779 2202 3782 2202 3858 2190 3910 2181 3919 2185 3933 2190 3936 2190 3938 2190 3941 2190 3979 2181 4033 2166 4076 2173 4100 2176 4102 2176 4104 2176 4116 2169 4142 2154 4245 2147 4287 2157 4297 2159 4299 2159 4301 2159 4304 2159 4313 2154 4339 2143 4404 2147 4406 2147 4408 2147 4413 2147 4499 2126 4539 2138 4541 2138 4544 2138 4653 2128 4653 2100 4648 2057 4558 2052 4556 2052 4553 2052 4518 2067 4496 2076 4375 2083 4342 2081 4287 2076 4285 2076 4283 2076 4245 2088 4218 2098 4199 2093 4180 2086 4178 2086 4176 2086 4078 2093 3990 2109 3926 2121 3907 2117 3886 2109 3884 2109 3881 2109 3879 2109 3834 2121 3791 2136 3570 2152 3480 2150 3409 2150 3406 2150 3404 2150 3402 2150 3402 2152 3399 2152 3395 2157 3387 2166 3338 2162 3297 2159 3295 2159 3292 2159 3290 2159 3281 2166 3259 2181 3179 2185 3131 2178 3103 2176 3100 2176 3098 2176 3067 2183 3010 2200 2974 2192 2979 2238 2979 2254"/></Shape>
	    <String CONTENT="pars est, quod ita alimi inest, ut ab ipso possit detrahi, alio licet non detracto"
                    HPOS="2974"
                    VPOS="2052"
                    WIDTH="1679"
                    HEIGHT="205"
                    WC="0.9894463092815585"></String>
          </TextLine>

          
          
          <TextLine ID="eSc_line_1c61dd9c"
                    TAGREFS="LT11324"
                    BASELINE="2979 2271 3171 2268 3461 2233 3877 2209 4138 2176 4601 2143" 
                    HPOS="2977"
                    VPOS="2107"
                    WIDTH="1624"
                    HEIGHT="197">
            <Shape><Polygon POINTS="3637 2188 3627 2188 3262 2216 3259 2219 3235 2221 3212 2223 3200 2223 2977 2240 2979 2271 2979 2304 3501 2249 3547 2257 3558 2259 3561 2259 3563 2259 3577 2254 3625 2240 3665 2247 3682 2249 3684 2249 3886 2235 3888 2235 3910 2226 3929 2216 3941 2223 3952 2230 3955 2230 3957 2230 3960 2230 4033 2214 4085 2202 4176 2202 4358 2200 4361 2200 4394 2183 4404 2178 4601 2164 4601 2143 4594 2107 3682 2183 3660 2185"/></Shape>
	    <String CONTENT="sen quod per se tolum detrahi potest. itaque punctum etsi sit in linea, tamen a linea detrahi"
                    HPOS="2977"
                    VPOS="2107"
                    WIDTH="1624"
                    HEIGHT="197"
                    WC="0.9774445038969799"></String>
          </TextLine>

          
          
          <TextLine ID="eSc_line_281f2681"
                    TAGREFS="LT11324"
                    BASELINE="2965 2325 3181 2314 3501 2268 3896 2247 4563 2190" 
                    HPOS="2960"
                    VPOS="2154"
                    WIDTH="1603"
                    HEIGHT="202">
            <Shape><Polygon POINTS="2965 2347 3024 2356 3027 2356 3114 2335 3138 2330 3162 2330 3247 2337 3250 2337 3352 2328 3354 2328 3383 2314 3392 2309 3399 2311 3425 2321 3428 2321 3430 2321 3518 2302 3530 2299 3532 2299 3554 2311 3556 2311 3558 2311 3561 2311 3563 2311 3584 2297 3592 2292 3601 2295 3637 2304 3639 2304 3641 2304 3644 2304 3684 2287 3698 2283 3710 2285 3748 2295 3751 2295 3753 2295 3836 2276 3867 2268 3898 2271 3976 2276 3979 2276 3981 2276 3983 2276 4002 2261 4009 2257 4033 2259 4088 2264 4090 2264 4093 2264 4114 2252 4121 2247 4126 2252 4138 2261 4140 2261 4142 2261 4145 2261 4252 2240 4294 2233 4332 2233 4425 2238 4427 2238 4430 2238 4472 2221 4489 2216 4501 2219 4522 2228 4525 2228 4527 2230 4527 2228 4529 2228 4563 2214 4563 2190 4556 2154 2960 2285 2965 2325"/></Shape>
	    <String CONTENT="nnper ser non potest, nisi simul, et aliud a lineadetrahatur. itaque punctum non est pars"
                    HPOS="2960"
                    VPOS="2154"
                    WIDTH="1603"
                    HEIGHT="202"
                    WC="0.9676035090108935"></String>
          </TextLine>

          
          
          <TextLine ID="eSc_line_9e82b915"
                    TAGREFS="LT11324"
                    BASELINE="2953 2375 3148 2370 3461 2325 4563 2233" 
                    HPOS="2948"
                    VPOS="2192"
                    WIDTH="1615"
                    HEIGHT="207">
            <Shape><Polygon POINTS="4195 2235 4119 2230 4116 2230 4114 2230 4112 2230 4109 2230 4085 2245 4064 2235 4062 2235 4059 2235 4057 2235 4055 2235 4031 2249 4009 2240 4007 2240 4005 2240 4000 2240 3893 2261 3820 2257 3817 2257 3815 2257 3810 2257 3675 2280 3599 2276 3596 2276 3594 2276 3592 2276 3589 2276 3566 2290 3492 2285 3490 2285 3487 2285 3482 2285 3321 2314 2948 2330 2953 2375 2953 2399 3150 2399 3150 2397 3259 2387 3262 2387 3297 2368 3316 2359 3433 2351 3444 2356 3473 2368 3475 2368 3478 2368 3563 2347 3777 2340 3779 2340 3782 2340 3801 2325 3815 2318 3831 2323 3853 2330 3855 2330 3858 2330 3860 2330 3888 2318 3915 2309 3931 2316 3950 2323 3952 2323 3955 2323 3957 2323 3993 2311 4026 2299 4047 2306 4069 2311 4071 2311 4074 2311 4076 2311 4109 2302 4142 2290 4166 2295 4183 2299 4185 2299 4188 2299 4190 2299 4211 2292 4247 2280 4278 2287 4297 2290 4299 2290 4301 2290 4320 2283 4339 2276 4370 2278 4413 2283 4415 2283 4418 2283 4458 2271 4501 2259 4560 2261 4563 2233 4556 2192 4470 2211 4339 2211 4337 2211 4335 2211 4332 2211 4252 2230 4230 2221 4228 2221 4226 2221 4223 2221"/></Shape>
	    <String CONTENT="Terminus est ipsius A, quod ipsi commune est, cum alio B, ita tamen ut neutrius pars sit"
                    HPOS="2948"
                    VPOS="2192"
                    WIDTH="1615"
                    HEIGHT="207"
                    WC="0.9801410260525617"></String>
          </TextLine>

          
          
          <TextLine ID="eSc_line_be4281bd"
                    TAGREFS="LT11324"
                    BASELINE="2723 2449 3164 2420 3497 2375 4062 2332 4354 2297 4627 2280" 
                    HPOS="2718"
                    VPOS="2238"
                    WIDTH="1911"
                    HEIGHT="246">
            <Shape><Polygon POINTS="3333 2344 3326 2344 3259 2368 3254 2370 2913 2397 2910 2413 2908 2397 2865 2401 2863 2401 2806 2394 2803 2394 2718 2413 2723 2449 2726 2478 2742 2480 2756 2473 2815 2480 2856 2484 2858 2484 2860 2484 2863 2484 2877 2475 2901 2458 2958 2454 3041 2461 3088 2465 3091 2465 3174 2451 3266 2435 3295 2442 3307 2444 3309 2444 3311 2444 3314 2444 3316 2444 3323 2439 3345 2425 3359 2437 3364 2439 3366 2439 3368 2439 3371 2439 3651 2418 3653 2418 3668 2411 3715 2387 3817 2380 3898 2392 3900 2392 3903 2392 3905 2392 3907 2392 3962 2373 3998 2385 4007 2387 4009 2387 4012 2387 4014 2387 4017 2387 4021 2382 4047 2359 4377 2332 4396 2344 4399 2344 4401 2344 4404 2344 4520 2325 4556 2340 4558 2340 4560 2340 4563 2340 4629 2332 4627 2280 4622 2249 4572 2238 4570 2238 4446 2261 4349 2257 4347 2257 4059 2292 4012 2285 4009 2285 4007 2285 3912 2311 3905 2311 3903 2311 3874 2304 3872 2304 3869 2304 3751 2325 3729 2328 3720 2328 3665 2318 3663 2318 3660 2318 3658 2318 3639 2335 3637 2335 3630 2335 3568 2330 3566 2330 3490 2347 3480 2349 3475 2349 3440 2335 3437 2335 3435 2335 3364 2340 3357 2342"/></Shape>
	    <String CONTENT="si duo, B ene si di extaurientia habeant partem communem D, poterit d detrahi ipsi B, ut tamen"
                    HPOS="2718"
                    VPOS="2238"
                    WIDTH="1911"
                    HEIGHT="246"
                    WC="0.948047584041636"></String>
          </TextLine>

          
          
          <TextLine ID="eSc_line_7f5db5cf"
                    TAGREFS="LT11324"
                    BASELINE="2960 2489 3368 2454" 
                    HPOS="2955"
                    VPOS="2418"
                    WIDTH="413"
                    HEIGHT="92">
            <Shape><Polygon POINTS="2960 2501 3129 2510 3131 2510 3133 2510 3169 2496 3207 2482 3240 2496 3254 2501 3257 2501 3259 2501 3262 2501 3281 2494 3309 2484 3366 2492 3368 2454 3364 2418 3257 2418 3254 2418 3252 2418 3250 2418 3228 2432 3216 2423 3214 2423 3212 2423 3209 2423 3126 2442 3119 2444 3117 2444 3091 2435 3088 2435 3086 2435 3084 2435 3081 2435 3065 2446 3053 2437 3050 2437 3048 2437 3046 2437 2955 2458 2960 2489"/></Shape>
	    <String CONTENT="non detrahatur ipsi A"
                    HPOS="2955"
                    VPOS="2418"
                    WIDTH="413"
                    HEIGHT="92"
                    WC="0.969082460516975"></String>
          </TextLine>

          
          
          <TextLine ID="eSc_line_31d33d8c"
                    TAGREFS="LT11324"
                    BASELINE="2998 2525 3352 2506 3535 2475 4000 2427 4237 2392 4449 2378" 
                    HPOS="2993"
                    VPOS="2332"
                    WIDTH="1456"
                    HEIGHT="231">
            <Shape><Polygon POINTS="3190 2468 3179 2477 3169 2482 2993 2496 2998 2525 2998 2548 3072 2563 3074 2563 3076 2563 3079 2563 3105 2546 3122 2558 3124 2558 3126 2558 3129 2558 3131 2558 3205 2537 3233 2544 3235 2544 3238 2544 3240 2544 3243 2544 3271 2525 3276 2522 3283 2525 3345 2537 3347 2537 3349 2537 3352 2537 3366 2522 3694 2503 3696 2503 3734 2487 3798 2492 3801 2492 3803 2492 3805 2492 3831 2475 3841 2468 3850 2473 3855 2477 3858 2477 3860 2477 3862 2477 3922 2465 3990 2451 4449 2418 4449 2378 4442 2332 4275 2359 4233 2356 4207 2354 4204 2354 4202 2354 4199 2354 4192 2361 4176 2370 4126 2368 4085 2366 4083 2366 4081 2366 4078 2366 4066 2375 4052 2382 4014 2380 3962 2378 3960 2378 3957 2378 3936 2389 3898 2408 3796 2408 3793 2408 3791 2408 3789 2408 3770 2420 3748 2411 3722 2401 3720 2401 3717 2401 3715 2401 3713 2401 3713 2404 3710 2404 3703 2416 3701 2418 3694 2418 3622 2420 3620 2420 3618 2420 3608 2427 3587 2442 3537 2444 3520 2437 3497 2427 3494 2427 3492 2427 3490 2427 3442 2446 3416 2458 3247 2473 3235 2470 3226 2468 3207 2468"/></Shape>
	    <String CONTENT="Exhauriantia, quae non habent partem communem dicuntur cointegrantia"
                    HPOS="2993"
                    VPOS="2332"
                    WIDTH="1456"
                    HEIGHT="231"
                    WC="0.980741519261809"></String>
          </TextLine>

          
          
          <TextLine ID="eSc_line_897f49de"
                    TAGREFS="LT11324"
                    BASELINE="2910 2591 3513 2544 4344 2446 4629 2423" 
                    HPOS="2908"
                    VPOS="2370"
                    WIDTH="1724"
                    HEIGHT="269">
            <Shape><Polygon POINTS="3352 2506 3335 2522 3288 2510 3283 2510 3259 2513 3250 2513 3238 2518 3169 2541 3131 2544 3110 2529 3107 2527 3105 2527 3103 2527 3100 2527 3098 2527 3084 2534 3055 2546 3034 2539 3019 2534 3017 2534 3015 2534 2929 2548 2929 2558 2908 2567 2910 2591 2915 2639 3202 2598 3224 2605 3226 2605 3228 2605 3231 2605 3271 2589 3295 2598 3297 2598 3300 2598 3302 2598 3304 2598 3321 2586 3387 2591 3397 2591 3399 2591 3774 2553 3777 2553 3779 2553 3782 2548 3808 2532 3872 2539 3888 2541 3891 2541 3893 2541 3903 2537 3938 2518 3964 2529 3967 2529 3969 2529 3971 2529 3974 2529 4031 2508 4062 2520 4064 2520 4066 2520 4069 2520 4071 2520 4078 2518 4147 2494 4632 2458 4629 2423 4622 2370 4496 2382 4494 2382 4491 2382 4444 2404 4368 2397 4361 2397 4358 2397 4356 2397 4351 2399 4306 2423 4199 2423 4197 2423 4195 2423 4150 2439 4123 2423 4121 2423 4119 2423 4116 2423 4114 2423 4112 2423 4090 2442 4064 2430 4059 2427 4057 2427 4055 2427 4052 2427 4043 2432 3986 2456 3898 2446 3886 2446 3884 2446 3881 2446 3872 2449 3801 2475 3715 2473 3713 2473 3406 2515 3368 2503 3354 2506"/></Shape>
	    <String CONTENT="Corpus est, si do spatium Exhauriant, id quod finitum est dicitur solidum vel corpus"
                    HPOS="2908"
                    VPOS="2370"
                    WIDTH="1724"
                    HEIGHT="269"
                    WC="0.9621684132587343"></String>
          </TextLine>

          
          
          <TextLine ID="eSc_line_512642f7"
                    TAGREFS="LT11324"
                    BASELINE="2936 2646 3568 2598 4242 2525 4627 2496" 
                    HPOS="2932"
                    VPOS="2461"
                    WIDTH="1695"
                    HEIGHT="223">
            <Shape><Polygon POINTS="2943 2684 2972 2667 3088 2670 3098 2670 3100 2670 3254 2655 3257 2655 3259 2655 3288 2639 3378 2643 3387 2643 3390 2643 3421 2641 3651 2605 3964 2591 3979 2589 3981 2589 3983 2589 3983 2586 3998 2575 4131 2575 4145 2575 4147 2575 4150 2575 4152 2575 4185 2556 4458 2544 4570 2522 4627 2529 4627 2496 4620 2461 3960 2510 3957 2510 3900 2527 3877 2534 3865 2532 3841 2522 3839 2522 3836 2522 3758 2541 3722 2548 3703 2546 3653 2539 3651 2539 3649 2539 3606 2556 3589 2563 3406 2577 3383 2577 3309 2570 3307 2570 3304 2570 3262 2586 3250 2591 3240 2589 3202 2579 3200 2579 3198 2579 3195 2579 3150 2598 3141 2603 2932 2617 2936 2646"/></Shape>
	    <String CONTENT="lu superficies est duorum ex plunitins fpatiura ex haurientibus, terminus communis"
                    HPOS="2932"
                    VPOS="2461"
                    WIDTH="1695"
                    HEIGHT="223"
                    WC="0.9713116251840824"></String>
          </TextLine>

          
          
          <TextLine ID="eSc_line_12370fb9"
                    TAGREFS="LT11324"
                    BASELINE="3651 2629 4285 2579" 
                    HPOS="3646"
                    VPOS="2544"
                    WIDTH="639"
                    HEIGHT="121">
            <Shape><Polygon POINTS="3653 2665 4285 2605 4285 2579 4278 2544 3646 2591 3651 2629"/></Shape>
	    <String CONTENT="sit nnitus corporis terminus totus."
                    HPOS="3646"
                    VPOS="2544"
                    WIDTH="639"
                    HEIGHT="121"
                    WC="0.9830184851373945"></String>
          </TextLine>

          
          
          <TextLine ID="eSc_line_7e632fd5"
                    TAGREFS="LT11324"
                    BASELINE="2958 2703 3114 2677 3641 2632" 
                    HPOS="2951"
                    VPOS="2598"
                    WIDTH="690"
                    HEIGHT="136">
            <Shape><Polygon POINTS="2960 2734 3062 2710 3138 2715 3164 2717 3167 2717 3169 2717 3171 2717 3171 2715 3176 2712 3186 2703 3212 2707 3231 2710 3233 2710 3235 2710 3238 2710 3238 2707 3240 2707 3243 2703 3252 2693 3271 2700 3290 2705 3292 2705 3295 2705 3297 2705 3300 2705 3311 2696 3323 2686 3361 2688 3390 2691 3392 2691 3395 2691 3397 2691 3406 2684 3416 2679 3423 2681 3442 2691 3444 2691 3447 2691 3641 2655 3641 2632 3637 2598 3107 2636 3105 2636 3027 2655 2981 2648 2979 2648 2977 2648 2951 2660 2958 2703"/></Shape>
	    <String CONTENT="itaque non est necisse esse ut superfici"
                    HPOS="2951"
                    VPOS="2598"
                    WIDTH="690"
                    HEIGHT="136"
                    WC="0.9546872437000274"></String>
          </TextLine>

          
          
          <TextLine ID="eSc_line_94509455"
                    TAGREFS="LT11324"
                    BASELINE="3015 2736 4223 2629" 
                    HPOS="3010"
                    VPOS="2591"
                    WIDTH="1213"
                    HEIGHT="183">
            <Shape><Polygon POINTS="3017 2774 3207 2741 3226 2755 3226 2757 3228 2757 3231 2757 3233 2757 3235 2757 3238 2757 3292 2736 3447 2736 3471 2736 3473 2736 3475 2736 3478 2736 3480 2734 3506 2715 3547 2726 3551 2729 3554 2729 3556 2729 3558 2729 3577 2724 3656 2705 3701 2712 3715 2715 3717 2715 3720 2715 3722 2715 3722 2712 3725 2710 3746 2693 3841 2698 3843 2698 3846 2698 3879 2681 3969 2688 3993 2688 3995 2688 3998 2688 4000 2688 4005 2684 4026 2672 4040 2681 4043 2684 4045 2684 4047 2684 4050 2684 4052 2684 4055 2684 4055 2681 4059 2679 4074 2665 4223 2665 4223 2629 4216 2591 3010 2705 3015 2736"/></Shape>
	    <String CONTENT="Spatium ubique uniscum Sectio est duorum terminus communus"
                    HPOS="3010"
                    VPOS="2591"
                    WIDTH="1213"
                    HEIGHT="183"
                    WC="0.9704441818697699"></String>
          </TextLine>

          
          
          <TextLine ID="eSc_line_47c23c7d"
                    TAGREFS="LT11324"
                    BASELINE="3599 2734 4199 2674 4344 2651 4603 2632" 
                    HPOS="3594"
                    VPOS="2586"
                    WIDTH="1011"
                    HEIGHT="181">
            <Shape><Polygon POINTS="4190 2632 3594 2700 3599 2734 3601 2767 3748 2741 3793 2748 3796 2748 3805 2748 4109 2705 4147 2712 4150 2712 4152 2712 4209 2693 4605 2667 4603 2632 4596 2586 4209 2629 4209 2632"/></Shape>
	    <String CONTENT="solidi nomine etiam infonitum comprehendamus dicu"
                    HPOS="3594"
                    VPOS="2586"
                    WIDTH="1011"
                    HEIGHT="181"
                    WC="0.99809138385617"></String>
          </TextLine>

          
          
          <TextLine ID="eSc_line_b0196eb1"
                    TAGREFS="LT11324"
                    BASELINE="3022 2783 3532 2738" 
                    HPOS="3017"
                    VPOS="2698"
                    WIDTH="515"
                    HEIGHT="128">
            <Shape><Polygon POINTS="3027 2826 3105 2800 3160 2798 3176 2810 3179 2812 3181 2812 3183 2812 3186 2812 3238 2802 3321 2783 3349 2788 3380 2793 3383 2793 3385 2793 3409 2781 3418 2776 3423 2779 3447 2788 3449 2788 3452 2788 3454 2788 3532 2764 3532 2738 3525 2698 3257 2731 3233 2729 3188 2726 3186 2726 3183 2726 3157 2738 3150 2741 3133 2741 3048 2738 3046 2738 3043 2738 3017 2750 3022 2783"/></Shape>
	    <String CONTENT="planum Vel si velimus ut"
                    HPOS="3017"
                    VPOS="2698"
                    WIDTH="515"
                    HEIGHT="128"
                    WC="0.9965216790636381"></String>
          </TextLine>

          
          
          <TextLine ID="eSc_line_9f19371b"
                    TAGREFS="LT11324"
                    BASELINE="4185 2769 4653 2734" 
                    HPOS="4180"
                    VPOS="2679"
                    WIDTH="473"
                    HEIGHT="126">
            <Shape><Polygon POINTS="4591 2684 4560 2707 4520 2693 4518 2691 4513 2693 4489 2696 4482 2696 4477 2700 4461 2710 4451 2703 4446 2698 4442 2700 4418 2703 4413 2703 4387 2710 4335 2726 4283 2729 4278 2724 4271 2719 4271 2717 4254 2717 4180 2736 4185 2769 4190 2805 4233 2791 4271 2800 4273 2800 4275 2800 4278 2800 4292 2798 4380 2781 4484 2783 4487 2783 4489 2783 4491 2783 4563 2764 4650 2772 4653 2734 4646 2679 4605 2679 4605 2684"/></Shape>
	    <String CONTENT="ta sic solidum seu profundo"
                    HPOS="4180"
                    VPOS="2679"
                    WIDTH="473"
                    HEIGHT="126"
                    WC="0.9355286426014371"></String>
          </TextLine>

          
          
          <TextLine ID="eSc_line_b820eb37"
                    TAGREFS="LT11324"
                    BASELINE="2932 2843 4605 2684" 
                    HPOS="2924"
                    VPOS="2653"
                    WIDTH="1684"
                    HEIGHT="230">
            <Shape><Polygon POINTS="2939 2883 2960 2866 2979 2878 2981 2881 2984 2881 2986 2881 2989 2881 2991 2881 3012 2876 3055 2862 3195 2857 3314 2850 3316 2850 3319 2850 3328 2843 3345 2831 3359 2840 3361 2843 3364 2843 3366 2843 3368 2843 3459 2833 3461 2833 3463 2833 3468 2829 3492 2812 3520 2824 3535 2829 3537 2829 3539 2829 3542 2829 3584 2817 3639 2802 3660 2810 3670 2812 3672 2812 3675 2812 3801 2802 3803 2802 3805 2802 3805 2800 3812 2793 3820 2788 3841 2791 3872 2795 3874 2795 3877 2795 3879 2795 3893 2786 3917 2772 3988 2776 4005 2776 4007 2776 4009 2776 4028 2772 4095 2755 4114 2764 4133 2772 4135 2772 4138 2772 4140 2772 4202 2755 4264 2738 4294 2745 4328 2753 4330 2753 4332 2753 4335 2753 4354 2738 4373 2726 4608 2712 4605 2684 4601 2653 4463 2653 4461 2653 4309 2677 4278 2684 4245 2684 4107 2686 4036 2700 4005 2710 2924 2798 2932 2843"/></Shape>
	    <String CONTENT="potest, solidam quod cujus pars spatii partem occupat. Ita spatiam ipsum et paes"
                    HPOS="2924"
                    VPOS="2653"
                    WIDTH="1684"
                    HEIGHT="230"
                    WC="0.980993714928627"></String>
          </TextLine>

          
          
          <TextLine ID="eSc_line_c8b1c185"
                    TAGREFS="LT11324"
                    BASELINE="2934 2897 4005 2793" 
                    HPOS="2929"
                    VPOS="2753"
                    WIDTH="1076"
                    HEIGHT="187">
            <Shape><Polygon POINTS="2939 2940 3060 2907 3079 2921 3081 2921 3084 2921 3086 2921 3088 2921 3091 2921 3091 2919 3093 2919 3112 2895 3292 2895 3295 2895 3297 2895 3340 2871 3428 2864 3511 2883 3520 2883 3523 2883 3525 2883 3532 2881 3580 2855 3611 2871 3615 2874 3618 2874 3620 2874 3706 2864 3708 2864 3710 2864 3713 2862 3744 2843 3777 2848 3779 2848 3782 2848 3784 2848 3784 2845 3796 2833 3827 2845 3829 2845 3831 2845 3834 2845 3893 2826 4005 2831 4005 2793 3998 2753 2929 2864 2934 2897"/></Shape>
	    <String CONTENT="ejus et corpus mobile in spatio, et pars ejus continetur"
                    HPOS="2929"
                    VPOS="2753"
                    WIDTH="1076"
                    HEIGHT="187"
                    WC="0.980456757758345"></String>
          </TextLine>

          
          
          <TextLine ID="eSc_line_733ebca2"
                    TAGREFS="LT11324"
                    BASELINE="3081 2933 4605 2783" 
                    HPOS="3076"
                    VPOS="2750"
                    WIDTH="1532"
                    HEIGHT="223">
            <Shape><Polygon POINTS="3088 2973 3112 2959 3131 2969 3133 2969 3136 2969 3138 2969 3141 2969 3167 2952 3295 2952 3314 2950 3316 2950 3321 2947 3357 2933 3390 2940 3397 2942 3399 2942 3402 2942 3452 2935 3554 2914 3698 2907 3836 2900 3839 2900 3841 2900 3850 2893 3865 2883 3907 2885 3957 2888 3960 2888 4064 2869 4128 2857 4145 2859 4171 2866 4173 2866 4176 2866 4283 2845 4318 2838 4323 2840 4332 2850 4335 2850 4337 2850 4339 2850 4446 2829 4449 2829 4489 2836 4491 2836 4608 2810 4605 2783 4598 2750 4423 2769 4408 2767 4370 2762 4368 2762 4366 2762 4330 2776 4313 2781 4290 2779 4230 2774 4228 2774 4226 2774 4178 2791 4164 2795 4157 2793 4145 2786 4142 2786 4140 2786 4138 2786 4097 2798 4074 2807 4009 2807 3903 2810 3900 2810 3855 2821 3829 2829 3812 2826 3765 2819 3763 2819 3760 2819 3722 2836 3708 2840 3670 2840 3582 2838 3580 2838 3501 2857 3471 2864 3459 2862 3430 2852 3428 2852 3425 2852 3423 2852 3421 2852 3421 2855 3418 2855 3409 2866 3399 2866 3352 2864 3349 2864 3347 2864 3316 2876 3297 2881 3259 2881 3157 2878 3155 2878 3152 2878 3076 2897 3081 2933"/></Shape>
	    <String CONTENT="in quo quo aliquid terminus non est,  cujus pars terminus non est: ostendem"
                    HPOS="3076"
                    VPOS="2750"
                    WIDTH="1532"
                    HEIGHT="223"
                    WC="0.9571570388476054"></String>
          </TextLine>

          
          
          <TextLine ID="eSc_line_eb0285b1"
                    TAGREFS="LT11324"
                    BASELINE="2929 2995 3649 2938 4598 2836" 
                    HPOS="2924"
                    VPOS="2795"
                    WIDTH="1674"
                    HEIGHT="231">
            <Shape><Polygon POINTS="2932 3026 3055 3026 3164 3007 3257 2992 3290 2995 3326 2999 3328 2999 3390 2988 3449 2973 3468 2980 3478 2983 3480 2983 3482 2983 3485 2983 3506 2976 3530 2966 3608 2966 3694 2964 3696 2964 3722 2957 3758 2945 3822 2947 3862 2947 3865 2947 3900 2940 3967 2923 4085 2923 4133 2923 4133 2921 4204 2912 4425 2878 4465 2888 4472 2888 4475 2888 4477 2888 4480 2888 4482 2885 4503 2871 4598 2874 4598 2836 4589 2795 4541 2814 4268 2826 4233 2829 4230 2829 4226 2831 4183 2848 4119 2840 4112 2840 4109 2840 4107 2840 4102 2843 4062 2862 3884 2862 3874 2864 3872 2864 3839 2883 3290 2923 3288 2923 3257 2938 3238 2926 3235 2926 3233 2926 3231 2926 3228 2926 3226 2926 3176 2945 3138 2935 3136 2935 3133 2935 3131 2935 3129 2935 3086 2954 3067 2942 3065 2942 3062 2942 3060 2942 3057 2942 3055 2942 3029 2959 2924 2957 2929 2995"/></Shape>
	    <String CONTENT="itique ptendendum has duas dnfinitiones coincidene seu spatii partem terminum non esse"
                    HPOS="2924"
                    VPOS="2795"
                    WIDTH="1674"
                    HEIGHT="231"
                    WC="0.9786612786525903"></String>
          </TextLine>

          
          
          <TextLine ID="eSc_line_3eb03243"
                    TAGREFS="LT11324"
                    BASELINE="2939 3040 3675 2980 4553 2893" 
                    HPOS="2934"
                    VPOS="2859"
                    WIDTH="1619"
                    HEIGHT="212">
            <Shape><Polygon POINTS="2941 3071 3224 3059 3226 3059 3228 3059 3228 3056 3240 3044 3245 3040 3307 3033 3333 3035 3383 3044 3385 3044 3387 3044 3390 3044 3390 3042 3406 3028 3411 3023 3423 3028 3454 3037 3456 3037 3459 3037 3461 3037 3492 3021 3504 3016 3551 3016 3720 3016 3720 3014 3722 3014 3725 3014 3746 2997 3786 3007 3789 3007 3791 3007 3793 3007 3879 2983 3900 2978 3917 2978 3957 2983 3960 2983 4033 2969 4057 2964 4069 2964 4154 2973 4157 2973 4159 2973 4209 2952 4228 2966 4230 2966 4233 2966 4235 2966 4237 2966 4290 2942 4294 2940 4439 2928 4442 2928 4465 2938 4468 2938 4470 2938 4553 2916 4553 2893 4548 2859 2934 3009 2939 3040"/></Shape>
	    <String CONTENT="scilicet quia patiam ipsu si terminus esseti, non daretur cujus esset temitius, cum"
                    HPOS="2934"
                    VPOS="2859"
                    WIDTH="1619"
                    HEIGHT="212"
                    WC="0.9806183239063585"></String>
          </TextLine>

          
          
          <TextLine ID="eSc_line_bb2f628e"
                    TAGREFS="LT11324"
                    BASELINE="4273 3033 4382 3026 4475 3040 4605 3033" 
                    HPOS="4271"
                    VPOS="2983"
                    WIDTH="334"
                    HEIGHT="88">
            <Shape><Polygon POINTS="4273 3061 4344 3061 4368 3061 4389 3059 4413 3059 4437 3056 4442 3066 4603 3071 4605 3033 4598 2983 4425 2997 4394 2995 4328 2985 4325 2985 4323 2985 4271 2999 4273 3033"/></Shape>
	    <String CONTENT="extensa eet; s"
                    HPOS="4271"
                    VPOS="2983"
                    WIDTH="334"
                    HEIGHT="88"
                    WC="0.9514305293560028"></String>
          </TextLine>

          
          
          <TextLine ID="eSc_line_5acb56b1"
                    TAGREFS="LT11324"
                    BASELINE="2941 3097 3376 3049 4249 2978 4598 2935" 
                    HPOS="2936"
                    VPOS="2897"
                    WIDTH="1662"
                    HEIGHT="240">
            <Shape><Polygon POINTS="3587 2990 3577 2999 3573 3004 3461 3014 3447 3011 3411 3004 3409 3004 3406 3004 3404 3004 3385 3018 3380 3021 3371 3018 3333 3011 3330 3011 3216 3035 3198 3037 3186 3037 3098 3033 3095 3033 3093 3033 3091 3033 3069 3049 3067 3049 3062 3049 2984 3047 2981 3047 2979 3047 2936 3061 2941 3097 2946 3137 3079 3099 3157 3094 3207 3106 3226 3106 3247 3104 3281 3085 3307 3094 3309 3094 3311 3094 3314 3094 3366 3075 3402 3082 3404 3082 3406 3082 3452 3068 3480 3080 3487 3085 3494 3082 3511 3078 3554 3059 3580 3071 3592 3075 3606 3075 3627 3066 3658 3052 3722 3056 3753 3056 3755 3056 3758 3056 3770 3049 3793 3037 3808 3047 3827 3056 3829 3056 3831 3056 4133 3018 4278 3018 4278 3016 4368 3004 4370 3004 4373 3004 4406 2983 4411 2980 4423 2980 4484 2988 4487 2988 4598 2961 4598 2935 4591 2897 4470 2921 4351 2921 4323 2921 4320 2921 4318 2921 4309 2926 4268 2942 4017 2954 3893 2961 3839 2971 3772 2988 3696 2988 3596 2988 3587 2988"/></Shape>
	    <String CONTENT="sia sund in spatio, et sec quia spatium per se uniforme esse ostendimu etiam"
                    HPOS="2936"
                    VPOS="2897"
                    WIDTH="1662"
                    HEIGHT="240"
                    WC="0.9555680147911373"></String>
          </TextLine>

          
          
          <TextLine ID="eSc_line_7b769ded"
                    TAGREFS="LT11324"
                    BASELINE="2986 3142 3169 3113 3729 3071" 
                    HPOS="2981"
                    VPOS="3033"
                    WIDTH="748"
                    HEIGHT="125">
            <Shape><Polygon POINTS="2986 3158 3129 3156 3131 3156 3157 3149 3216 3130 3378 3130 3437 3130 3440 3130 3442 3130 3456 3125 3501 3106 3532 3118 3539 3120 3542 3120 3544 3120 3573 3116 3670 3092 3727 3101 3729 3071 3722 3033 3205 3082 3190 3082 3124 3078 3122 3078 2981 3101 2986 3142"/></Shape>
	    <String CONTENT="ofandum omne intus uniforme est."
                    HPOS="2981"
                    VPOS="3033"
                    WIDTH="748"
                    HEIGHT="125"
                    WC="0.9457662552595139"></String>
          </TextLine>

          
          
          <TextLine ID="eSc_line_34ed9514"
                    TAGREFS="LT11324"
                    BASELINE="2927 3192 3613 3123 4449 3059" 
                    HPOS="2922"
                    VPOS="3028"
                    WIDTH="1527"
                    HEIGHT="187">
            <Shape><Polygon POINTS="4413 3033 4394 3028 4256 3040 4249 3040 4152 3033 4150 3033 4052 3056 4036 3059 4017 3059 3905 3054 3903 3054 3853 3059 3850 3059 3848 3059 3848 3061 3846 3061 3836 3073 3834 3075 3831 3073 3796 3063 3793 3063 3791 3063 3789 3063 3722 3082 3706 3087 3698 3085 3675 3075 3663 3075 3630 3090 3622 3092 3599 3092 3487 3092 3485 3092 3482 3092 3449 3104 3433 3111 3390 3109 3300 3106 3297 3106 3295 3106 3252 3120 3231 3128 3216 3123 3195 3118 3193 3118 3190 3118 3188 3118 3157 3128 3129 3139 2922 3147 2927 3192 2927 3215 4449 3085 4449 3059 4444 3035 4437 3035"/></Shape>
	    <String CONTENT="superticiei est sectio. _ profundi, cujquse sectio est rursus sectio continuum"
                    HPOS="2922"
                    VPOS="3028"
                    WIDTH="1527"
                    HEIGHT="187"
                    WC="0.9726544679739536"></String>
          </TextLine>

          
          
          <TextLine ID="eSc_line_ad95db61"
                    TAGREFS="LT11324"
                    BASELINE="3530 3182 4097 3142 4406 3099 4582 3090" 
                    HPOS="3525"
                    VPOS="3052"
                    WIDTH="1057"
                    HEIGHT="166">
            <Shape><Polygon POINTS="3532 3218 3618 3208 3620 3208 3622 3208 3651 3189 3717 3201 3727 3201 3729 3201 3812 3194 3815 3194 3824 3189 3869 3168 3886 3182 3886 3185 3888 3185 3891 3185 3893 3185 3896 3185 3910 3182 3957 3170 3983 3175 4007 3177 4009 3177 4116 3161 4294 3132 4385 3135 4444 3135 4446 3135 4449 3135 4451 3135 4451 3132 4453 3132 4458 3128 4465 3116 4582 3113 4582 3090 4575 3052 4119 3104 4026 3104 3922 3106 3919 3106 3917 3106 3903 3116 3891 3123 3815 3125 3613 3132 3525 3151 3530 3182"/></Shape>
	    <String CONTENT="quod si definias esse cujus rsectionem, cujus rursus"
                    HPOS="3525"
                    VPOS="3052"
                    WIDTH="1057"
                    HEIGHT="166"
                    WC="0.9854598962343656"></String>
          </TextLine>

          
          
          <TextLine ID="eSc_line_002c04f3"
                    TAGREFS="LT11324"
                    BASELINE="4226 3156 4567 3135" 
                    HPOS="4223"
                    VPOS="3097"
                    WIDTH="344"
                    HEIGHT="83">
            <Shape><Polygon POINTS="4461 3097 4458 3097 4458 3099 4449 3106 4444 3113 4373 3116 4363 3113 4349 3106 4339 3109 4316 3113 4294 3116 4271 3118 4247 3123 4223 3125 4226 3156 4226 3180 4453 3156 4508 3166 4513 3166 4515 3166 4518 3166 4520 3166 4544 3151 4560 3163 4567 3135 4563 3099 4465 3097 4463 3097"/></Shape>
	    <String CONTENT="tum est coincidere"
                    HPOS="4223"
                    VPOS="3097"
                    WIDTH="344"
                    HEIGHT="83"
                    WC="0.9875974092218611"></String>
          </TextLine>

          
          
          <TextLine ID="eSc_line_61b2d2ed"
                    TAGREFS="LT11324"
                    BASELINE="2941 3230 3005 3232 3373 3192" 
                    HPOS="2936"
                    VPOS="3158"
                    WIDTH="437"
                    HEIGHT="100">
            <Shape><Polygon POINTS="2943 3258 3373 3213 3373 3192 3368 3158 2936 3194 2941 3230"/></Shape>
	    <String CONTENT=" Aque quam punctum"
                    HPOS="2936"
                    VPOS="3158"
                    WIDTH="437"
                    HEIGHT="100"
                    WC="0.9547539452711741"></String>
          </TextLine>

          
          
          <TextLine ID="eSc_line_9bd74e73"
                    TAGREFS="LT11324"
                    BASELINE="3055 3275 3335 3244 4028 3194" 
                    HPOS="3050"
                    VPOS="3156"
                    WIDTH="978"
                    HEIGHT="142">
            <Shape><Polygon POINTS="3055 3298 3209 3294 3212 3294 3235 3287 3273 3275 3302 3282 3321 3284 3323 3284 3326 3284 3328 3284 3328 3282 3330 3282 3333 3277 3342 3265 3399 3263 3463 3268 3513 3270 3516 3270 3518 3270 3549 3260 3580 3249 3592 3256 3596 3260 3599 3260 3601 3260 3603 3260 3793 3249 3796 3249 3798 3249 3817 3237 3827 3230 3945 3220 3955 3225 3964 3230 3979 3227 4002 3225 4019 3220 4028 3218 4028 3194 4021 3156 3050 3230 3055 3275"/></Shape>
	    <String CONTENT="indeterminatu sectio est superficies linea"
                    HPOS="3050"
                    VPOS="3156"
                    WIDTH="978"
                    HEIGHT="142"
                    WC="0.9816896603220985"></String>
          </TextLine>

          
          
          <TextLine ID="eSc_line_3661a911"
                    TAGREFS="LT11324"
                    BASELINE="2924 3317 3048 3322 3763 3263 4057 3220 4546 3175" 
                    HPOS="2924"
                    VPOS="3137"
                    WIDTH="1622"
                    HEIGHT="214">
            <Shape><Polygon POINTS="4518 3139 4007 3192 4007 3196 3983 3199 3960 3201 3936 3201 3912 3204 3888 3206 3869 3206 3131 3282 2951 3282 2946 3303 2936 3282 2924 3282 2924 3317 2927 3348 3093 3351 3095 3351 3098 3351 3100 3351 3122 3334 3245 3334 3247 3334 3250 3334 3252 3334 3273 3320 3276 3317 3283 3317 3338 3329 3340 3329 3342 3329 3345 3329 3345 3327 3347 3327 3359 3313 3402 3325 3404 3325 3406 3325 3409 3325 3478 3303 3509 3315 3511 3315 3513 3315 3644 3303 3646 3303 3649 3303 3675 3284 3677 3284 3798 3289 3801 3289 3912 3263 3933 3258 3943 3260 3981 3272 3983 3272 3986 3272 3988 3272 4040 3251 4043 3251 4057 3251 4159 3251 4161 3251 4164 3251 4197 3237 4199 3237 4218 3251 4221 3251 4223 3251 4226 3251 4228 3251 4290 3230 4306 3225 4320 3227 4380 3237 4382 3237 4385 3237 4387 3237 4408 3220 4413 3215 4546 3206 4546 3175 4541 3137 4527 3139"/></Shape>
	    <String CONTENT="vas definitiones, seu secti quod profundi sectionem socat sectio (superficiem"
                    HPOS="2924"
                    VPOS="3137"
                    WIDTH="1622"
                    HEIGHT="214"
                    WC="0.9488576844141081"></String>
          </TextLine>

          
          
          <TextLine ID="eSc_line_8d32fd11"
                    TAGREFS="LT11324"
                    BASELINE="2934 3382 3793 3310 3995 3277 4584 3227" 
                    HPOS="2929"
                    VPOS="3187"
                    WIDTH="1655"
                    HEIGHT="232">
            <Shape><Polygon POINTS="3850 3251 3839 3251 3812 3270 3687 3270 3663 3272 3639 3275 3615 3277 3603 3277 3592 3289 3433 3301 3378 3294 3378 3296 3354 3298 3340 3298 3330 3308 3311 3301 3307 3301 3283 3303 3276 3303 3252 3317 3074 3320 3072 3322 3057 3322 3055 3322 2991 3339 2934 3329 2929 3332 2934 3382 2939 3419 3050 3386 3129 3403 3131 3403 3133 3403 3136 3403 3216 3372 3292 3389 3295 3389 3297 3389 3347 3374 3456 3374 3459 3374 3461 3374 3463 3374 3466 3374 3466 3372 3494 3348 3596 3363 3599 3363 3601 3363 3708 3336 3869 3339 3872 3339 3874 3339 3877 3339 3879 3339 3910 3310 3955 3308 4031 3322 4033 3322 4036 3322 4038 3322 4069 3298 4131 3303 4133 3303 4135 3303 4192 3289 4299 3301 4301 3301 4304 3301 4368 3272 4584 3277 4584 3227 4577 3187 4385 3213 4299 3211 4294 3211 4292 3211 4290 3211 4287 3211 4228 3230 4183 3220 4180 3220 4178 3220 4169 3220 4057 3246 3886 3246 3874 3249"/></Shape>
	    <String CONTENT="lecat (linea) noi si in puncta secari posse, seu tres tantum esse dimensionis"
                    HPOS="2929"
                    VPOS="3187"
                    WIDTH="1655"
                    HEIGHT="232"
                    WC="0.9445822014437093"></String>
          </TextLine>

          
          
          <TextLine ID="eSc_line_ea23f76c"
                    TAGREFS="LT11324"
                    BASELINE="2825 3448 4299 3317" 
                    HPOS="2820"
                    VPOS="3279"
                    WIDTH="1479"
                    HEIGHT="207">
            <Shape><Polygon POINTS="2894 3419 2870 3443 2846 3438 2841 3410 2820 3412 2825 3448 2827 3486 2936 3460 3029 3469 3043 3469 3046 3469 3048 3469 3055 3467 3100 3446 3276 3446 3340 3446 3340 3443 3342 3443 3368 3436 3414 3422 3440 3429 3459 3431 3461 3431 3463 3431 3466 3431 3466 3429 3468 3429 3471 3424 3480 3412 3551 3417 3606 3419 3608 3419 3611 3419 3639 3408 3672 3393 3741 3389 3765 3396 3791 3403 3793 3403 3796 3403 3896 3393 3898 3393 3900 3393 3900 3391 3912 3382 3915 3379 3929 3379 4007 3384 4009 3384 4012 3384 4062 3365 4074 3363 4078 3365 4112 3374 4114 3374 4116 3374 4119 3374 4188 3355 4218 3365 4221 3365 4223 3365 4226 3365 4228 3365 4247 3348 4254 3344 4299 3344 4299 3317 4294 3282 4171 3279 4169 3279 4166 3279 4088 3301 4069 3289 4066 3289 4064 3289 4062 3289 3931 3315 3929 3315 3905 3303 3903 3303 3900 3303 3898 3303 3896 3303 3872 3320 3822 3310 3820 3310 3817 3310 3815 3310 3791 3327 3746 3320 3744 3320 3601 3344 3558 3334 3556 3334 3554 3334 3551 3334 3549 3334 3549 3336 3535 3348 3504 3339 3501 3339 3499 3339 3497 3339 3466 3355 3463 3358 3368 3365 3366 3365 3352 3353 3349 3353 3347 3353 3345 3353 3221 3377 3181 3367 3179 3367 3176 3367 3174 3367 3119 3386 3074 3377 3072 3377 3069 3377 3067 3377 3041 3393 3038 3393 2974 3386 2972 3386 2929 3393 2917 3417"/></Shape>
	    <String CONTENT="planum est sectio spaetii utrinque eodem s modo habens in secando"
                    HPOS="2820"
                    VPOS="3279"
                    WIDTH="1479"
                    HEIGHT="207"
                    WC="0.9660891395348769"></String>
          </TextLine>

          
          
          <TextLine ID="eSc_line_dbf502e5"
                    TAGREFS="LT11324"
                    BASELINE="2853 3505 3601 3438" 
                    HPOS="2849"
                    VPOS="3396"
                    WIDTH="752"
                    HEIGHT="147">
            <Shape><Polygon POINTS="2901 3465 2849 3467 2853 3505 2856 3533 2877 3543 2879 3543 2882 3543 3088 3512 3103 3512 3107 3512 3171 3517 3174 3517 3176 3517 3179 3517 3179 3514 3181 3514 3186 3505 3188 3503 3195 3505 3226 3512 3228 3512 3231 3512 3233 3512 3266 3500 3283 3491 3601 3472 3601 3438 3596 3403 3490 3396 3487 3396 3485 3396 3482 3396 3454 3417 3449 3417 3406 3410 3404 3410 3402 3410 3347 3427 3342 3427 3338 3427 3302 3415 3300 3415 3297 3415 3295 3415 3221 3434 3202 3422 3200 3422 3198 3422 3195 3422 3088 3431 3086 3431 3084 3431 3062 3450 3057 3455 2932 3462 2922 3493"/></Shape>
	    <String CONTENT="Recta est talis sectio se plani."
                    HPOS="2849"
                    VPOS="3396"
                    WIDTH="752"
                    HEIGHT="147"
                    WC="0.9859328716993332"></String>
          </TextLine>

          
          
          <TextLine ID="eSc_line_d4bd3220"
                    TAGREFS="LT11324"
                    BASELINE="4131 3500 4558 3462" 
                    HPOS="4126"
                    VPOS="3412"
                    WIDTH="432"
                    HEIGHT="121">
            <Shape><Polygon POINTS="4133 3533 4558 3484 4558 3462 4548 3412 4496 3434 4408 3438 4387 3431 4368 3424 4366 3424 4363 3424 4126 3462 4131 3500"/></Shape>
	    <String CONTENT="ergicm illa quod"
                    HPOS="4126"
                    VPOS="3412"
                    WIDTH="432"
                    HEIGHT="121"
                    WC="0.9277816582471132"></String>
          </TextLine>

          
          
          <TextLine ID="eSc_line_fcce14b1"
                    TAGREFS="LT11324"
                    BASELINE="2934 3545 3779 3474 4002 3446 4226 3438 4354 3412 4603 3398" 
                    HPOS="2932"
                    VPOS="3344"
                    WIDTH="1671"
                    HEIGHT="230">
            <Shape><Polygon POINTS="3328 3465 3292 3474 3257 3486 3190 3486 3110 3486 3107 3486 2993 3503 2979 3524 2955 3531 2932 3538 2934 3545 2934 3574 3150 3545 3219 3550 3247 3552 3250 3552 3252 3552 3269 3545 3307 3531 3342 3541 3361 3543 3364 3543 3461 3533 3463 3533 3466 3533 3466 3531 3468 3531 3471 3529 3478 3519 3518 3524 3554 3526 3556 3526 3558 3526 3596 3517 3672 3495 3720 3505 3751 3510 3753 3510 3869 3500 3872 3500 3898 3488 3929 3474 3990 3479 3995 3479 3998 3479 4012 3476 4145 3457 4157 3465 4176 3474 4178 3474 4180 3474 4249 3467 4252 3467 4254 3467 4271 3453 4283 3446 4301 3450 4316 3455 4318 3455 4320 3455 4323 3455 4349 3446 4380 3434 4603 3422 4603 3398 4591 3344 4556 3370 4537 3363 4534 3363 4532 3363 4529 3363 4491 3377 4389 3365 4330 3358 4328 3358 4104 3377 4102 3377 4100 3377 4100 3379 4085 3391 4050 3382 4047 3382 4045 3382 3990 3386 3988 3386 3986 3386 3955 3408 3941 3417 3910 3412 3839 3400 3836 3400 3834 3400 3831 3400 3805 3424 3784 3438 3717 3431 3637 3424 3634 3424 3632 3424 3630 3424 3601 3443 3584 3455 3547 3448 3535 3448 3532 3448 3461 3457 3361 3472 3354 3469 3347 3462 3330 3465"/></Shape>
	    <String CONTENT="discimalimus abstrbemdu animum insolido et plaro hect definires ut"
                    HPOS="2932"
                    VPOS="3344"
                    WIDTH="1671"
                    HEIGHT="230"
                    WC="0.9404060330354806"></String>
          </TextLine>

          
          
          <TextLine ID="eSc_line_b5222452"
                    TAGREFS="LT11324"
                    BASELINE="4527 3550 4544 3548" 
                    HPOS="4522"
                    VPOS="3514"
                    WIDTH="24"
                    HEIGHT="76">
            <Shape><Polygon POINTS="4527 3550 4532 3590 4546 3590 4544 3548 4537 3517 4527 3514 4522 3514"/></Shape>
	    <String CONTENT="s"
                    HPOS="4522"
                    VPOS="3514"
                    WIDTH="24"
                    HEIGHT="76"
                    WC="0.8874402642250061"></String>
          </TextLine>

          
          
          <TextLine ID="eSc_line_19c8492d"
                    TAGREFS="LT11324"
                    BASELINE="2839 3595 4047 3507" 
                    HPOS="2834"
                    VPOS="3455"
                    WIDTH="1213"
                    HEIGHT="173">
            <Shape><Polygon POINTS="3663 3486 3658 3486 3637 3491 3547 3510 3490 3503 3475 3503 3473 3503 3471 3503 3468 3503 3466 3505 3449 3514 3437 3507 3430 3503 3425 3505 3402 3507 3378 3510 3357 3512 3333 3512 3309 3514 3285 3517 3281 3517 3271 3522 3252 3531 3238 3526 3228 3522 3216 3522 3216 3524 3214 3524 3212 3529 3207 3533 3174 3531 3138 3529 3119 3531 3098 3531 2974 3550 2958 3550 2953 3555 2946 3552 2929 3555 2927 3552 2910 3541 2910 3538 2908 3538 2905 3538 2903 3538 2865 3541 2863 3541 2860 3541 2834 3555 2839 3595 2841 3628 3036 3600 3086 3609 3095 3609 3098 3609 3122 3605 3207 3590 3300 3590 3352 3590 3354 3590 3357 3590 3359 3590 3359 3588 3361 3588 3364 3586 3371 3576 3437 3578 3492 3581 3494 3581 3497 3581 3499 3581 3506 3574 3516 3567 3587 3567 3689 3567 3691 3567 4047 3526 4047 3507 4038 3455 3893 3467 3891 3467 3888 3467 3839 3488 3720 3481 3710 3481 3687 3484"/></Shape>
	    <String CONTENT="sit linea per duo puncta eodem modo se habens ad a id"
                    HPOS="2834"
                    VPOS="3455"
                    WIDTH="1213"
                    HEIGHT="173"
                    WC="0.9583494674484685"></String>
          </TextLine>

          
          
          <TextLine ID="eSc_line_8920c81d"
                    TAGREFS="LT11324"
                    BASELINE="2865 3640 3922 3560 4240 3548 4442 3517 4639 3507" 
                    HPOS="2860"
                    VPOS="3465"
                    WIDTH="1779"
                    HEIGHT="206">
            <Shape><Polygon POINTS="3919 3517 3907 3522 3860 3536 3649 3541 3547 3545 3518 3552 3471 3564 3019 3593 3005 3626 2981 3626 2958 3624 2936 3597 2860 3602 2865 3640 2865 3671 2979 3664 2981 3664 3031 3643 3084 3657 3086 3657 3088 3657 3091 3657 3155 3631 3501 3621 3504 3621 3568 3602 3656 3614 3658 3614 3660 3614 3829 3581 3891 3578 3924 3593 3926 3593 3929 3593 3931 3593 3933 3593 3933 3590 3952 3574 4036 3583 4038 3583 4121 3564 4228 3571 4230 3571 4233 3571 4240 3571 4520 3531 4636 3541 4639 3507 4632 3465 4368 3498 4026 3512 3926 3514 3926 3517"/></Shape>
	    <String CONTENT="ad  duo puncta se eodem mudo habet, ita ut c se habent ad A et B, ut si D habet"
                    HPOS="2860"
                    VPOS="3465"
                    WIDTH="1779"
                    HEIGHT="206"
                    WC="0.9846195020253146"></String>
          </TextLine>

          
          
          <TextLine ID="eSc_line_9a6ff572"
                    TAGREFS="LT11324"
                    BASELINE="2924 3678 4404 3581" 
                    HPOS="2920"
                    VPOS="3533"
                    WIDTH="1484"
                    HEIGHT="174">
            <Shape><Polygon POINTS="4007 3557 4005 3557 4002 3557 3990 3562 3964 3576 3924 3569 3900 3564 3898 3564 3896 3564 3879 3571 3858 3581 3822 3576 3805 3574 3803 3574 3801 3574 3798 3574 3798 3576 3796 3578 3784 3588 3682 3586 3615 3586 3613 3586 3611 3586 3608 3586 3601 3593 3594 3597 3587 3593 3577 3586 3561 3588 3558 3588 3528 3597 3497 3607 3456 3602 3421 3597 3418 3600 3395 3600 3387 3600 3378 3609 3371 3614 3304 3614 3228 3614 3205 3616 3181 3616 3157 3619 3133 3621 3117 3621 3103 3631 3093 3635 3072 3635 3065 3645 3041 3647 3017 3650 2993 3652 2977 3640 2920 3643 2924 3678 2924 3692 2953 3707 2955 3707 2958 3707 2960 3707 3008 3690 3027 3702 3029 3702 3031 3702 3034 3702 3036 3702 3072 3685 3081 3681 3091 3683 3126 3695 3129 3695 3131 3695 3133 3695 3190 3681 3212 3690 3214 3690 3216 3690 3383 3669 3385 3669 3428 3676 3430 3676 3487 3662 3539 3650 3558 3659 3570 3664 3573 3664 3575 3664 3646 3662 3649 3662 3679 3652 3727 3638 3936 3638 3936 3635 4078 3614 4102 3628 4102 3631 4104 3631 4107 3631 4109 3631 4190 3626 4192 3626 4195 3626 4197 3624 4230 3605 4401 3612 4404 3581 4396 3533 4290 3557 4083 3557 4033 3557 4009 3557"/></Shape>
	    <String CONTENT="A et B. se habitit ad A, ut se linea habet ad B. vel sic potius"
                    HPOS="2920"
                    VPOS="3533"
                    WIDTH="1484"
                    HEIGHT="174"
                    WC="0.9803670039252629"></String>
          </TextLine>

          
          
          <TextLine ID="eSc_line_74dd18f1"
                    TAGREFS="LT11324"
                    BASELINE="4019 3645 4641 3619" 
                    HPOS="4017"
                    VPOS="3571"
                    WIDTH="624"
                    HEIGHT="102">
            <Shape><Polygon POINTS="4230 3593 4218 3593 4197 3602 4183 3609 4093 3609 4090 3609 4078 3602 4064 3605 4040 3607 4031 3607 4017 3614 4019 3645 4019 3659 4185 3673 4188 3673 4316 3657 4332 3654 4356 3654 4461 3662 4463 3662 4465 3662 4496 3652 4541 3640 4639 3650 4641 3619 4634 3571 4537 3574 4534 3574 4525 3578 4499 3593 4484 3581 4480 3576 4477 3576 4475 3576 4472 3576 4430 3578 4427 3578 4425 3578 4415 3586 4399 3597 4337 3593 4311 3590 4309 3590 4306 3590 4304 3590 4304 3593 4299 3595 4294 3602 4278 3597 4264 3590 4254 3593"/></Shape>
	    <String CONTENT="prit recta locus punctorum eodem"
                    HPOS="4017"
                    VPOS="3571"
                    WIDTH="624"
                    HEIGHT="102"
                    WC="0.9542251732200384"></String>
          </TextLine>

          
          
          <TextLine ID="eSc_line_b869689e"
                    TAGREFS="LT11324"
                    BASELINE="2853 3721 3525 3681 3810 3676" 
                    HPOS="2851"
                    VPOS="3640"
                    WIDTH="959"
                    HEIGHT="126">
            <Shape><Polygon POINTS="3065 3685 3041 3688 3017 3690 2993 3692 2970 3697 2946 3700 2922 3714 2910 3685 2889 3688 2851 3678 2853 3721 2856 3766 2913 3742 2936 3754 2939 3754 2941 3754 2948 3752 2951 3752 3031 3735 3105 3749 3107 3749 3110 3749 3164 3730 3183 3747 3188 3752 3190 3752 3193 3752 3195 3752 3198 3752 3212 3745 3254 3723 3333 3735 3335 3735 3338 3735 3340 3735 3340 3733 3359 3716 3435 3714 3456 3730 3468 3742 3471 3742 3473 3742 3475 3742 3554 3738 3556 3738 3558 3738 3558 3735 3561 3735 3568 3726 3589 3735 3592 3735 3594 3735 3722 3728 3725 3728 3727 3728 3748 3714 3772 3697 3805 3709 3810 3676 3805 3640 3558 3640 3556 3640 3266 3662 3100 3671 3088 3683"/></Shape>
	    <String CONTENT="sint puncta A et B, eodemm modo B habeed"
                    HPOS="2851"
                    VPOS="3640"
                    WIDTH="959"
                    HEIGHT="126"
                    WC="0.9395652778446675"></String>
          </TextLine>

          
          
          <TextLine ID="eSc_line_96d062fe"
                    TAGREFS="LT11324"
                    BASELINE="4052 3692 4093 3692" 
                    HPOS="4052"
                    VPOS="3643"
                    WIDTH="41"
                    HEIGHT="76">
            <Shape><Polygon POINTS="4052 3647 4052 3692 4052 3714 4090 3719 4093 3692 4090 3643 4078 3643"/></Shape>
	    <String CONTENT="1B"
                    HPOS="4052"
                    VPOS="3643"
                    WIDTH="41"
                    HEIGHT="76"
                    WC="0.9756398797035217"></String>
          </TextLine>

          
          
          <TextLine ID="eSc_line_d91c2500"
                    TAGREFS="LT11324"
                    BASELINE="4142 3690 4641 3662" 
                    HPOS="4138"
                    VPOS="3631"
                    WIDTH="503"
                    HEIGHT="83">
            <Shape><Polygon POINTS="4142 3714 4641 3688 4641 3662 4634 3631 4138 3657 4142 3690"/></Shape>
	    <String CONTENT="a ine denbu sed astendenduum"
                    HPOS="4138"
                    VPOS="3631"
                    WIDTH="503"
                    HEIGHT="83"
                    WC="0.936308388199125"></String>
          </TextLine>

          
          
          <TextLine ID="eSc_line_b846c552_a"
                    TAGREFS="LT11324"
                    BASELINE="2934 3754 3782 3754 4617 3702" 
                    HPOS="2932"
                    VPOS="3671"
                    WIDTH="1686"
                    HEIGHT="118">
            <Shape><Polygon POINTS="2936 3723 2932 3723 2934 3754 2935 3777 3056 3789 3280 3785 3430 3783 3894 3776 4383 3769 4618 3738 4617 3702 4610 3671 4007 3709 2972 3723 2955 3752"/></Shape>
	    <String CONTENT="nodo se habentium ad  4. sset D hoc esse sineam. suran quam iictio au gedrave potent assu"
                    HPOS="2932"
                    VPOS="3671"
                    WIDTH="1686"
                    HEIGHT="118"
                    WC="0.9258808359671175"></String>
          </TextLine>

          
          
          <TextLine ID="eSc_line_0ec89486"
                    TAGREFS="LT11324"
                    BASELINE="4444 3355 4515 3348" 
                    HPOS="4437"
                    VPOS="3265"
                    WIDTH="81"
                    HEIGHT="138">
            <Shape><Polygon POINTS="4458 3403 4518 3391 4515 3348 4499 3265 4477 3282 4437 3279 4444 3355 4449 3403"/></Shape>
	    <String CONTENT="97"
                    HPOS="4437"
                    VPOS="3265"
                    WIDTH="81"
                    HEIGHT="138"
                    WC="0.9967530369758606"></String>
          </TextLine>

          
          
          <TextLine ID="eSc_line_8a89aee0"
                    TAGREFS="LT11324"
                    BASELINE="3349 253 3351 253" 
                    HPOS="3349"
                    VPOS="253"
                    WIDTH="266"
                    HEIGHT="27">
            <Shape><Polygon POINTS="3349 253 3349 280 3615 272 3615 267 3510 269 3349 253"/></Shape>
	    <String CONTENT=""
                    HPOS="3349"
                    VPOS="253"
                    WIDTH="266"
                    HEIGHT="27"></String>
          </TextLine>

          
        </TextBlock>
        
        <TextBlock HPOS="2579"
                   VPOS="2247"
                   WIDTH="277"
                   HEIGHT="153"
                   ID="r1"
                   TAGREFS="BT16575">
          <Shape><Polygon POINTS="2583 2248 2579 2339 2640 2400 2822 2373 2819 2315 2856 2279 2842 2247"/></Shape>
          
          
          <TextLine ID="eSc_line_5e5351fb"
                    TAGREFS="LT11324"
                    BASELINE="2594 2290 2827 2273" 
                    HPOS="2590"
                    VPOS="2247"
                    WIDTH="237"
                    HEIGHT="97">
            <Shape><Polygon POINTS="2594 2290 2597 2344 2661 2344 2663 2344 2666 2344 2666 2342 2673 2337 2706 2306 2751 2314 2754 2314 2756 2314 2796 2302 2822 2313 2825 2309 2827 2273 2820 2247 2590 2248"/></Shape>
	    <String CONTENT=" sed itque lamen"
                    HPOS="2590"
                    VPOS="2247"
                    WIDTH="237"
                    HEIGHT="97"
                    WC="0.8868129663169384"></String>
          </TextLine>

          
          
          <TextLine ID="eSc_line_3a6a4aa2"
                    TAGREFS="LT11324"
                    BASELINE="2623 2359 2782 2340" 
                    HPOS="2618"
                    VPOS="2283"
                    WIDTH="166"
                    HEIGHT="110">
            <Shape><Polygon POINTS="2784 2375 2782 2340 2773 2283 2701 2290 2699 2290 2697 2290 2687 2299 2666 2314 2618 2314 2623 2359 2624 2384 2633 2393"/></Shape>
	    <String CONTENT="remanteat"
                    HPOS="2618"
                    VPOS="2283"
                    WIDTH="166"
                    HEIGHT="110"
                    WC="0.9630653725730048"></String>
          </TextLine>

          
        </TextBlock>
        
        <TextBlock HPOS="0"
                   VPOS="3906"
                   WIDTH="5000"
                   HEIGHT="365"
                   ID="r0"
                   TAGREFS="BT16577">
          <Shape><Polygon POINTS="0 3906 5000 3906 5000 4271 0 4271"/></Shape>
          
          
          <TextLine ID="eSc_line_b846c552_b"
                    TAGREFS="LT11324"
                    
                    HPOS="2938"
                    VPOS="3906"
                    WIDTH="1684"
                    HEIGHT="24">
            <Shape><Polygon POINTS="4622 3911 4622 3906 2938 3906 2939 3930"/></Shape>
	    <String CONTENT=""
                    HPOS="2938"
                    VPOS="3906"
                    WIDTH="1684"
                    HEIGHT="24"></String>
          </TextLine>

          
          
          <TextLine ID="eSc_line_fdf7c429"
                    TAGREFS="LT11324"
                    BASELINE="375 4079 1229 4072" 
                    HPOS="372"
                    VPOS="4037"
                    WIDTH="857"
                    HEIGHT="68">
            <Shape><Polygon POINTS="375 4105 1227 4103 1229 4072 1222 4037 372 4041 375 4079"/></Shape>
	    <String CONTENT="COFTFRED VVILHIEIM LEIBNIIZ BIBLIOTHIER"
                    HPOS="372"
                    VPOS="4037"
                    WIDTH="857"
                    HEIGHT="68"
                    WC="0.9778611766986358"></String>
          </TextLine>

          
          
          <TextLine ID="eSc_line_313ece3f"
                    TAGREFS="LT11324"
                    BASELINE="4385 4084 4843 4079" 
                    HPOS="4382"
                    VPOS="4046"
                    WIDTH="461"
                    HEIGHT="69">
            <Shape><Polygon POINTS="4385 4103 4840 4115 4843 4079 4836 4046 4382 4053 4385 4084"/></Shape>
	    <String CONTENT="Sionatur. ItI 36. 12. 2. 12131. 107"
                    HPOS="4382"
                    VPOS="4046"
                    WIDTH="461"
                    HEIGHT="69"
                    WC="0.9462424431528363"></String>
          </TextLine>

          
          
          <TextLine ID="eSc_line_c9883862"
                    TAGREFS="LT11324"
                    BASELINE="363 4148 1236 4148" 
                    HPOS="363"
                    VPOS="4117"
                    WIDTH="873"
                    HEIGHT="64">
            <Shape><Polygon POINTS="363 4177 1234 4181 1236 4148 1236 4117 363 4117 363 4148"/></Shape>
	    <String CONTENT="NIEDERSACHSISCHELANDESBIBLIOTHEK"
                    HPOS="363"
                    VPOS="4117"
                    WIDTH="873"
                    HEIGHT="64"
                    WC="0.9851397033780813"></String>
          </TextLine>

          
        </TextBlock>
        
        <TextBlock HPOS="4398"
                   VPOS="3305"
                   WIDTH="142"
                   HEIGHT="93"
                   ID="r2"
                   TAGREFS="BT16581">
          <Shape><Polygon POINTS="4415 3305 4398 3377 4456 3378 4478 3398 4540 3364 4538 3310"/></Shape>
          
        </TextBlock>
        

        
      </PrintSpace>
    </Page>
  </Layout>
</alto>
