2900 4528
100 85 1259 146 Gerick. lib. 6. cp. 6 solis ceterrima gistad

73 158 1288 171 etiam oculis videri ptest maxime Telescopio

70 221 1326 173 ut ait Rherta lb. 4. c. 1 sol optimo deso

67 311 1287 164 pro 18 pedo vitrius coloratis (sed vide ut

78 372 1314 191 sint duo colorata convexa) inspectu instar

85 475 1266 158 contine ebullientisque ferventissimi aeris

75 548 1309 173 flammaeque hucidissemae se se continuc in gy–

83 623 1306 174 rum reciprocantis apparet. (+ Nota quae

120 699 1229 171 De templo S. Nic. 1ii Lugdum X alibi

103 769 1195 199 de Bonome si s. petum puto Riccrolus +)

92 850 1330 206 aurum ipsum liquefactum se centraliter motes

589 958 810 138 ap. 7. Corpora Mundana

98 1126 196 136 sunt

332 1054 1047 168 Solria planetaria Lunaria

146 1137 1220 188 st rectius fixae, Planetae Sociae +) Lu.

115 1215 1264 173 naria noncircumferuntur a sole

107 1298 1262 171 ob parvitatem  non proportionatem

108 1370 1271 199 distantae ad impetum recipiendum; sed

161 1476 1190 161 a planetae propinquo (+ nota

81 1567 1212 178 Cometam debere rapi cum terra ex

90 1635 1292 183 hypothesi autoris, quod non facit; si

93 1735 1278 181 Cometa est effluvium nostrae terrae, neque

130 1798 1229 201 enim excessit Lunarem regrone

95 1909 1254 178 ergo deberet a terra circumagi non

95 1979 1236 179 minus quam luna nisi dicas nimis

108 2060 1243 163 rarum et parvum tenue ejus corpus

125 2125 1267 189 quam ut impetum impressu accipiat)

80 2299 1289 191 solis apparente 30 min. e umbrae terrae

95 2369 1289 206 30 apparens diameter 80. et diamete

62 2455 1314 191 lunae apparens30 min rejectisque peri–

110 2523 1261 213 gaeis et Apogtens, assumtisque his 4 datis

83 2618 1251 196 iu plolemaea, hoc modo prout cortur

85 2711 1297 179 et in smmma in Merdraio astri ele

73 2774 1246 219 ratione reperiutu semidiametris tam

100 2865 1279 201 quam  apparentibus 15. min. Lun

90 2945 1289 199 distata a centro terae 64emidim

78 3041 1276 191 tersemidium, terrae apparente in

110 3139 1193 181 luna temp. Cclip. 40 min.

518 2223 897 159 colap. 9c supposito diami

1401 218 46 99 c

1390 88 1223 125 motus este solis oculis inptimus pperte videtu

1452 155 1183 134 Genck. lib. 6. Cap. 8) sole occidente

1460 236 1200 138 vel oriente cum vaporibus et majore

1437 294 1274 161 aeris profunditate tuxc inumbratus est.

1447 357 1274 201 Referente sc hernero sol praeter

1452 447 1236 181 tremorem marginalem saepe etiam qua

1452 505 1274 196 Dam quasi repentina fulguratioe coruscat

1450 581 1276 223 Kencher. Itin. Ecstat p. 22. solis ebullitioea

1525 669 1188 196 comparat auro liquefacto Racccolus ob

1477 752 1239 188 servavit intemplos. Petronis Bononiae

1490 847 1178 161 cum olis peciem reciprebat per

1507 915 1201 211 foramen a tabula distans peclibus

1525 1013 1188 166 plus quam 170. ingenti ac mani.

1538 1071 1153 176 testissimo tremore volitare et in

1523 1129 1205 216 ratio solis evidenter miris vorticibus

1538 1240 1198 173 ebullire. Fremore Rilciolus conti–

2064 1320 241 96 fniatio

1477 1333 1249 163 nuae aeris vibrationi ascribit, qui

1477 1403 1256 171 tamen non fuit; in aere  inspicia

1462 1489 1254 158 tur an et luna sic fluctuet, hoc

1465 1564 1258 201 resolvet quaeistionem +) Sed in ipso

1472 1665 1226 193 sole (+ deberet in tali loco fieri

1485 1748 1211 183 Camera obscura id est claudi templu

1459 1846 1267 148 obscurari u quoad ejus fieri pt estg

1462 1919 1274 182 tale foranen quasi Telasconium objecta

1475 2004 1276 176 enim necessario represantat maxima

1468 2135 1270 187 primo in  Rectangulo; bc angulus b. semidi.

1470 2221 1258 157 ameter umbrae terrae 40. min. et latus bc. di.

1477 2291 1166 146 stantia lunae a terra 64 semidiam. terras.

1505 2334 1233 166 Jam bc potest intelligi radius centro b. et ic:

1510 2397 1249 183 tangens et bc. secaris ergo, cum supposito rauio

1497 2472 1251 176 Fe 10000000. Tangens 40 min. sit 16361.

1520 2535 1223 181 erit tangente supposito radio 64 semidiam.

1555 2596 1171 188 terrae seu 55040 mill. erit inqua

2404 2671 334 106 cpultiplica

1515 2706 788 147 tunc ic. numerus milsis

1548 2739 1185 181 sus per Tangentem, divisus per rabium oriri

1526 2819 1202 182 aut 640, 5493 miliarique Gemanica.

1517 2890 1204 181 aufert magnitudo umbrae CB, a b9 vera

1490 2963 1256 173 temidiametro terrae reput aliindet cognita

1507 3043 1206 159 restat Kg. 219, 5 49 milliarium Etraio

1510 3104 1183 163 Jam in Tliangulo Rectan. gk1. nota

1510 3167 1193 151 . sunt latera gk. et nunc lnventa, et

2036 3240 667 118 Ki. distata Lunae, ergo

2232 3295 509 101 et angulus gik

2275 3358 428 98 invences q

2310 3423 413 113 nempe 18-4h.

2216 3506 502 113 is angulus idem cum

2187 3574 549 106 angulo cda. quia

579 3640 2117 150 lineae ki et bd. sunt parallela, u in quas cadit eade cd

596 3720 2095 171 Jam qeritur axis coni umbrae seu linea bd. ubi dices: utr sinus

604 3783 2082 194 ango d. 13, 42 ad sinum complementi id est ang. 90 minus B3, 42.

586 3853 2120 186 eu 89 grad. 46 min. 18 e. sic semidiam. terrae 1. ad axem coni

616 3919 2052 198 ambrae ab erit 250, 69(2.) sem. terrae. Jam in V agbi bag.

92 4002 2566 209 aingulus baque jam si 13' 46 subtra hantur ab anus age. seu tiametro solis apparente

143 4070 2532 203 remanent 1. 18 pro angulo parallexeos solis ba g. subtrahatu a baeremaet

191 4143 2577 193 ab egb recto, remanet agb. 5,  2. sc. Ergo ut simus auruli bag ad iu comple.

198 4211 2498 178 tn anguli agb, il dnidiameter teriae ad distatam solis bB. producentur 2644

208 4312 2552 143 semidiameta erna provehient prodiamitio solis 9900 milliaru  imanica seufere

704 4389 1289 99 vere 1000ia Et corpus ex 182 mus mjusterra

2291 4381 97 89 A
