4786 4181
153 234 987 119 cun cum quodvis in recta est sui ad

76 301 1122 142 uo in recta puncta tus unicum. Nam

81 360 1136 167 inc erum linea quae non in se Nam si aliad

106 436 1204 160 Cum enim recta sit loeus omnium punctorum

95 501 1147 170 ii ad duo puncta sit unieorum; iq locus

106 578 1178 167 conturce et intermnate produci possit,

111 661 1122 147 cum ut suo loco ostendetur, pars et smulis

118 727 1201 162 toti, patet nullum esse locum alteri aicui

118 801 1255 174 puncto. hoc surpulare est ratiocinam genus

195 912 1129 156 recta rectam non nisi in uno puncto

118 998 1120 147 secare potest secit enim Recta AB

111 1091 1159 149 rectam AC in punctis A et D cum

111 1168 1085 142 ergo recta ABD sit locus unicorum

102 1212 1254 190 a puncta A, et D; et similiter recta ACd

104 1323 892 154 coincident rectae ABd et ACd

185 1386 997 181 Planum est locus unicorum ad

92 1477 1141 176 tria data puncta sint puncta ABC

95 1567 1229 170 et rectae AB, AC, omne punctum unicum

83 1653 1169 158 ad tria puncta in plano, eadit nempe ipsa

106 1732 1167 165 A, B, C, cadit in planum. sed praeterea

1005 1886 35 72 si

104 1821 1097 155 omre punctum plani est unicum ad. tia

102 1897 1101 174 illa puncta, quae non derent essean

111 1974 1180 160 eadem recta. Nam dato sita ipsius D ad A et C,

95 2055 1187 144 non nisi duo puncta satis facere possunt D et d

97 2134 1183 137 qui per priora. sed tertium B, si non sit in recta

137 2190 1119 149 per AC, non se habet eodem modo ad D et d.

162 2262 1022 130 Ergo sita ad iptum determinatur utra eprae

132 2308 1071 161 D prae E. Tria ergo puncta non in directi

125 2376 1101 162 jncentra sufficiunt ad determinatiorem cujusque

123 2496 481 117 puncti in plano

230 2543 910 135 Hinc dats tubqus punctis non

116 2606 1071 165 in directum jacentibus vel datis duabus

98 2689 1021 142 Tctis terminatur panum in quo

169 2757 1108 141 phnc et duo plana non possunt habere

90 2815 1129 174 nisi rectam communem, seu quod deter

88 2903 1089 153 minatur ex duobus punctis, nam se

106 2980 1127 153 nova determina tic rcederet, coinci.

90 3107 407 114 derent pl.anc

1421 1681 623 125 ut supra est ostensum

2467 149 320 111 Locus est e

3222 241 179 67 aibus

2497 283 1064 102 Panctum est locus in quo non, et alius

2453 360 915 88 locus. Itaque si sit B in A erit A eB

2429 466 396 110 spatium

2481 415 985 91 Locus constienitur ber puncta. itaque Locus ErL

3484 445 54 54 eu

3496 385 28 86 n

3533 422 114 77 etes X

2815 478 758 88 est os omnium punctorum

2451 552 959 126 sit punctum quodcunque _ P spatium erit

2530 643 1061 125 in omni loco punctum est. Nam locus

2451 720 1061 125 compositus constituites per locos simplicet

2539 806 509 111 Loci pars est Rocus

2550 850 974 132 itaque in ogni loa parte punctum est

2534 933 985 135 Spatium est locus quo omnis est

2464 1019 612 105 alius locus. Nam cum

2539 1066 1013 134 In eo eo locus est in quo qodves ejas

2467 1140 1017 139 punctum est  one X. t Y ert X in Y

2466 1268 1067 153 Seakm est docus contenubes mum

2447 1395 285 105 pulcterum

2504 1442 581 135 labinte

3343 1451 1001 102 quae cadit in sectionem solidi interminati Utrinue

2511 1516 1069 147 planum est sectio solidi ut terminis

2453 1567 1139 154 ejus non spectatis etunque se habens eodem modo

2451 1663 1031 132 sit soldum  quod sit solidam S, ejusque

2435 1737 1091 142 segmenta  V x sectio P. ita

2455 1811 1127 133 ut omne V et omne X sit S et omne p sit

2451 1876 1094 144 itamque omne  pNt X. erit F Y ex

2458 1962 1089 154 C sitque P. V ~ P. X erit P pla

2460 2102 121 65 num

2520 2116 688 123 Dato A P et A existente

2537 2199 418 109 Sumto puncto in

2483 2264 741 177 Punctum est locus simples

2441 2352 971 158 ita  quiquid in puncto est est, illud

2509 2399 1043 169 Hinc piil aliud in puncta  quam ut

2650 2455 47 53 i

2460 2476 1031 162 plummel. Et si A sit punctum sitque B

2465 2578 552 118 in A, cerit A  1

2523 2603 1145 158 Hinc etiam alius quivis locus constituttur

2455 2675 1076 179 per puncta comprositum scilices per

2453 2752 1213 151 simplicia. Et a ut ubicumque sunt omnia puncta

2474 2840 992 158 quae sunt in loco ibi sit ipse locus. Et

2478 2908 1048 146 proind si quodeunque punctum loci vocetur

2476 2998 688 130 X. ipse locus vocabitur X

2439 3033 1104 167 Spatium est locus universalis. id est

2451 3135 1015 144 spatium est locus omnium locorum, atque

2446 3212 1043 130 adeo omnum punctorum. Hnde sequitur

2455 3270 1032 130 etiam esse licum omnium locorum, cum

2455 3328 1018 144 ostensum sit locum esse, ubi sunt

2451 3421 590 102 omnia ejus puncta

2511 3444 980 170 Solidum est seu profunditatem habel secus

2440 3530 1051 145 qui antus habet aliquid quod ab a externo

2444 3553 1477 188 tangi non potest; atque adeo solidum non est merum extremum

2525 3642 762 130 superticies est sectio solidi

2504 3723 795 94 Lilea est scctio superficiet

1024 3472 627 93 dect stui

1705 3521 186 58 es

343 3955 846 68 COTTFRED MILHEIM LEIBNIIZ BIBLIOTTIEX

4163 3962 446 74 Signatu. LH 36. 1. 3. 1331.175

322 4027 862 63 NIEDERSRCHSISCHELANDESBIBLIOTHEK

3604 1541 742 105 se habenten eodem

3682 1598 681 106 polum s locus unibersalis

4418 1653 261 89 Spati,

3596 1649 785 130 spatiam est locus uni versalis

3728 1744 953 104 Planum uterminatum est sectio

3640 1807 960 134 ci iterminoti utrinque se habens

3654 1874 1036 128 eodem modo. paislidum interminatum

3633 1941 1020 144 sit S, sectio (p. segmenta V, et X

3624 2055 478 116 erit F. Y ~ p. X

3717 2099 978 144 Plarum est sectio solidi qua se plano

3617 2195 576 120 interminato est ineste

4458 248 78 70 ds

3996 3270 752 125 sectio est locus qui in est duobus locis

4003 3330 750 114 unum componentibus salva tame

3993 3377 725 111 cujusque integnitate separabilibus

4037 3430 723 112 omnis ambias est sectio, sed non omnt

3979 3514 298 67 secha est ambitus

3984 3563 792 102 rectio est locus qui MB anovis

3861 3646 211 89 locis ses

4102 3597 667 110 rabiibus nsallar inferritate

3859 3653 797 147 seu sesc ontigentibs dum

4623 3711 84 88 es
