<?xml version="1.0" encoding="UTF-8"?>
<alto xmlns:xsi="http://www.w3.org/2001/XMLSchema-instance"
      xmlns="http://www.loc.gov/standards/alto/ns-v4#"
      xsi:schemaLocation="http://www.loc.gov/standards/alto/ns-v4# http://www.loc.gov/standards/alto/v4/alto-4-2.xsd">
  <Description>
    <MeasurementUnit>pixel</MeasurementUnit>
    <sourceImageInformation>
      <fileName>LH_37_2_0122r.jpg</fileName>
      
    </sourceImageInformation>
  </Description>
  
  <Tags>
    <OtherTag ID="BT16575" LABEL="MarginTextZone" DESCRIPTION="block type MarginTextZone"/><OtherTag ID="BT16576" LABEL="DamageZone" DESCRIPTION="block type DamageZone"/><OtherTag ID="BT16577" LABEL="DigitizationArtefactZone" DESCRIPTION="block type DigitizationArtefactZone"/><OtherTag ID="BT16578" LABEL="DropCapitalZone" DESCRIPTION="block type DropCapitalZone"/><OtherTag ID="BT16579" LABEL="GraphicZone" DESCRIPTION="block type GraphicZone"/><OtherTag ID="BT16581" LABEL="NumberingZone" DESCRIPTION="block type NumberingZone"/><OtherTag ID="BT16582" LABEL="QuireMarksZone" DESCRIPTION="block type QuireMarksZone"/><OtherTag ID="BT16583" LABEL="RunningTitleZone" DESCRIPTION="block type RunningTitleZone"/><OtherTag ID="BT16584" LABEL="SealZone" DESCRIPTION="block type SealZone"/><OtherTag ID="BT16585" LABEL="StampZone" DESCRIPTION="block type StampZone"/><OtherTag ID="BT27322" LABEL="text" DESCRIPTION="block type text"/><OtherTag ID="BT27323" LABEL="GraphicZone-formula-inline" DESCRIPTION="block type GraphicZone-formula-inline"/><OtherTag ID="BT27324" LABEL="GraphicZone-formula-complex" DESCRIPTION="block type GraphicZone-formula-complex"/><OtherTag ID="BT27325" LABEL="MainZone" DESCRIPTION="block type MainZone"/><OtherTag ID="BT27326" LABEL="GraphicZone-figure" DESCRIPTION="block type GraphicZone-figure"/><OtherTag ID="BT27327" LABEL="GraphicZone-formula-strikethrough" DESCRIPTION="block type GraphicZone-formula-strikethrough"/>
    <OtherTag ID="LT6926" LABEL="DefaultLine" DESCRIPTION="line type DefaultLine"/><OtherTag ID="LT6927" LABEL="HeadingLine" DESCRIPTION="line type HeadingLine"/><OtherTag ID="LT6928" LABEL="InterlinearLine" DESCRIPTION="line type InterlinearLine"/><OtherTag ID="LT11324" LABEL="default" DESCRIPTION="line type default"/>
  </Tags>
  
  <Layout>
    <Page WIDTH="3293"
          HEIGHT="5160"
          PHYSICAL_IMG_NR="259"
          ID="eSc_dummypage_">
      <PrintSpace HPOS="0"
                  VPOS="0"
                  WIDTH="3293"
                  HEIGHT="5160">
        
        <TextBlock HPOS="88"
                   VPOS="173"
                   WIDTH="1616"
                   HEIGHT="4627"
                   ID="r0"
                   TAGREFS="BT27325">
          <Shape><Polygon POINTS="330 173 186 181 96 374 112 555 150 725 110 828 88 925 119 1070 89 1338 130 1901 96 2110 112 2589 104 3159 113 3348 128 4112 106 4657 259 4765 765 4800 1107 4651 1203 4555 1601 4520 1657 4366 1670 3979 1608 3779 1586 3678 1640 3557 1633 3390 1603 3200 1632 2923 1684 2833 1662 2743 1606 2626 1608 2366 1655 2104 1643 2008 1562 1860 1662 1631 1654 1345 1633 1197 1676 1069 1704 960 1661 655 1613 401 1558 218 1214 195 526 216"/></Shape>
          
          
          <TextLine ID="eSc_line_cc4a72d1"
                    TAGREFS="LT11324"
                    BASELINE="215 269 252 266" 
                    HPOS="209"
                    VPOS="197"
                    WIDTH="43"
                    HEIGHT="112">
            <Shape><Polygon POINTS="215 269 215 301 249 309 252 266 243 197 223 197 209 203"/></Shape>
	    <String CONTENT="A"
                    HPOS="209"
                    VPOS="197"
                    WIDTH="43"
                    HEIGHT="112"
                    WC="0.91782546043396"></String>
          </TextLine>

          
          
          <TextLine ID="eSc_line_264bd63c"
                    TAGREFS="LT11324"
                    BASELINE="292 315 1546 272" 
                    HPOS="286"
                    VPOS="203"
                    WIDTH="1260"
                    HEIGHT="155">
            <Shape><Polygon POINTS="1138 229 1112 232 1098 229 1044 212 1041 212 1038 212 1035 212 992 229 949 249 636 255 590 235 582 229 579 229 576 229 573 229 553 235 436 263 381 235 378 235 375 235 372 235 286 235 292 315 292 344 470 335 487 341 536 358 539 358 542 358 545 358 547 358 573 338 582 332 654 335 783 338 785 338 849 326 866 323 872 326 912 341 915 341 917 341 920 341 983 321 998 318 1009 321 1087 338 1090 338 1173 321 1373 329 1376 329 1546 298 1546 272 1540 226 1290 203 1287 203"/></Shape>
	    <String CONTENT="il se peut qu&#x27;une lunette parvisse plus"
                    HPOS="286"
                    VPOS="203"
                    WIDTH="1260"
                    HEIGHT="155"
                    WC="0.9822948070672842"></String>
          </TextLine>

          
          
          <TextLine ID="eSc_line_728979e5"
                    TAGREFS="LT11324"
                    BASELINE="149 421 1546 369" 
                    HPOS="146"
                    VPOS="321"
                    WIDTH="1400"
                    HEIGHT="146">
            <Shape><Polygon POINTS="149 467 306 447 590 452 596 452 599 452 602 452 691 430 975 438 1001 438 1003 438 1006 438 1012 438 1081 415 1201 424 1204 424 1207 424 1244 409 1296 427 1302 427 1305 427 1308 427 1310 427 1316 424 1353 409 1379 424 1382 424 1385 424 1388 424 1391 424 1399 421 1474 401 1543 415 1546 369 1537 321 146 366 149 421"/></Shape>
	    <String CONTENT="gram meilleure et ne le soit pas. En voicu le"
                    HPOS="146"
                    VPOS="321"
                    WIDTH="1400"
                    HEIGHT="146"
                    WC="0.9787976649072435"></String>
          </TextLine>

          
          
          <TextLine ID="eSc_line_26f09121"
                    TAGREFS="LT11324"
                    BASELINE="154 516 619 475 1534 444" 
                    HPOS="149"
                    VPOS="387"
                    WIDTH="1385"
                    HEIGHT="163">
            <Shape><Polygon POINTS="154 541 335 550 338 550 341 550 398 530 413 524 545 521 553 524 593 538 596 538 599 538 697 516 708 516 714 516 785 530 788 530 791 530 846 510 854 507 872 507 969 521 972 521 975 521 978 521 1001 501 1038 518 1041 518 1044 518 1133 501 1164 513 1167 513 1170 513 1173 513 1176 513 1207 493 1290 507 1293 507 1296 507 1299 507 1325 487 1328 487 1474 498 1477 498 1480 498 1534 475 1534 444 1528 389 1382 401 1373 395 1362 387 1359 387 1356 387 1353 387 1351 387 1322 398 1310 404 1290 401 1233 389 1230 389 1227 389 1181 407 1161 412 1150 407 1112 395 1110 395 1107 395 1104 395 1101 395 1078 412 1072 415 1046 412 992 407 989 407 886 421 843 427 808 427 665 415 662 415 530 441 519 441 516 441 484 424 481 424 479 424 275 432 272 432 269 432 240 455 149 458 154 516"/></Shape>
	    <String CONTENT="principe que jupiter paroisse plus grand; et "
                    HPOS="149"
                    VPOS="387"
                    WIDTH="1385"
                    HEIGHT="163"
                    WC="0.9713183151351081"></String>
          </TextLine>

          
          
          <TextLine ID="eSc_line_9c89beca"
                    TAGREFS="LT11324"
                    BASELINE="149 581 507 556 1591 516" 
                    HPOS="146"
                    VPOS="473"
                    WIDTH="1445"
                    HEIGHT="146">
            <Shape><Polygon POINTS="149 619 309 599 367 610 381 613 384 613 387 613 401 610 456 593 642 596 783 599 785 599 788 599 823 587 857 576 886 584 923 593 926 593 929 593 932 593 972 579 1001 570 1018 576 1052 587 1055 587 1058 587 1061 587 1115 570 1141 564 1193 567 1336 576 1339 576 1342 576 1345 576 1368 559 1373 556 1391 556 1488 564 1491 564 1591 544 1591 516 1586 473 146 530 149 581"/></Shape>
	    <String CONTENT="que et bienclair, et que cependant on n&#x27;en voye"
                    HPOS="146"
                    VPOS="473"
                    WIDTH="1445"
                    HEIGHT="146"
                    WC="0.9721308502745121"></String>
          </TextLine>

          
          
          <TextLine ID="eSc_line_a53de614"
                    TAGREFS="LT11324"
                    BASELINE="160 650 1597 584" 
                    HPOS="154"
                    VPOS="524"
                    WIDTH="1443"
                    HEIGHT="172">
            <Shape><Polygon POINTS="160 696 286 676 407 688 410 688 413 688 473 667 516 682 519 682 522 682 524 682 527 682 527 679 530 679 542 665 593 679 596 679 599 679 602 679 797 653 906 665 909 665 912 665 915 665 943 647 1087 656 1090 656 1471 622 1594 633 1597 584 1589 524 1526 544 1480 530 1477 530 1474 530 1471 530 1468 530 1439 547 1219 544 1158 544 1155 544 1133 550 1067 564 1044 553 1035 550 1032 550 1029 550 1026 550 1024 550 1024 553 1021 556 1006 570 774 570 633 570 631 570 628 570 625 570 616 579 608 584 576 579 536 573 533 573 458 587 401 596 361 593 295 584 292 584 154 602 160 650"/></Shape>
	    <String CONTENT="point les satellites; au lieu qu&#x27;on les voi peut voi;"
                    HPOS="154"
                    VPOS="524"
                    WIDTH="1443"
                    HEIGHT="172"
                    WC="0.9588707010701017"></String>
          </TextLine>

          
          
          <TextLine ID="eSc_line_2526566b"
                    TAGREFS="LT11324"
                    BASELINE="163 736 1505 688" 
                    HPOS="157"
                    VPOS="619"
                    WIDTH="1348"
                    HEIGHT="155">
            <Shape><Polygon POINTS="163 774 1505 731 1505 688 1500 619 1422 619 1419 619 1417 619 1414 619 1411 622 1385 639 1293 627 1264 624 1262 624 1259 624 1236 630 1173 647 1072 639 1038 636 1035 636 1032 636 1029 636 1024 642 1001 653 975 642 969 642 966 642 963 642 872 647 631 667 596 662 547 653 545 653 542 653 493 667 464 673 427 670 318 659 315 659 157 682 163 736"/></Shape>
	    <String CONTENT="con pourroit procerer"
                    HPOS="157"
                    VPOS="619"
                    WIDTH="1348"
                    HEIGHT="155"
                    WC="0.9875637860525222"></String>
          </TextLine>

          
          
          <TextLine ID="eSc_line_2dd73dfd"
                    TAGREFS="LT11324"
                    BASELINE="137 808 1652 736" 
                    HPOS="134"
                    VPOS="699"
                    WIDTH="1518"
                    HEIGHT="158">
            <Shape><Polygon POINTS="140 857 212 837 304 842 306 842 309 842 312 842 312 839 315 839 327 825 352 839 355 839 358 839 361 839 364 839 364 837 381 822 401 839 401 842 404 842 407 842 410 842 413 842 415 842 418 839 447 822 487 834 493 837 496 837 499 837 501 837 513 834 562 817 585 828 590 834 593 834 596 834 599 834 602 834 605 834 613 828 642 805 742 802 811 814 863 822 866 822 869 822 897 808 926 794 952 805 978 817 981 817 983 817 1090 811 1092 811 1095 811 1095 808 1112 794 1124 782 1207 782 1221 788 1256 802 1259 802 1262 802 1356 782 1589 788 1591 788 1594 788 1652 759 1652 736 1646 699 134 765 134 766 137 808"/></Shape>
	    <String CONTENT="avec une autet qui ne paroist pas si vone Envoiius"
                    HPOS="134"
                    VPOS="699"
                    WIDTH="1518"
                    HEIGHT="158"
                    WC="0.975896213054657"></String>
          </TextLine>

          
          
          <TextLine ID="eSc_line_4d312db1"
                    TAGREFS="LT11324"
                    BASELINE="152 894 372 871 1554 817" 
                    HPOS="146"
                    VPOS="765"
                    WIDTH="1408"
                    HEIGHT="163">
            <Shape><Polygon POINTS="152 925 269 928 272 928 275 928 301 920 332 905 361 914 384 923 387 923 390 923 392 923 395 923 395 920 404 911 415 903 456 908 504 917 507 917 510 917 545 905 576 894 619 900 676 908 679 908 682 908 685 908 685 905 688 905 697 897 699 888 765 885 774 891 783 900 785 900 788 900 791 900 794 900 797 900 797 897 806 888 811 885 817 888 826 897 828 897 831 897 834 897 892 885 926 877 937 882 960 894 963 894 966 894 1101 888 1104 888 1138 871 1144 868 1153 868 1204 882 1207 882 1210 882 1213 882 1279 862 1290 860 1305 860 1399 874 1402 874 1554 845 1554 817 1548 768 1339 765 1336 765 1124 776 1121 776 1118 776 1098 791 1092 794 1069 791 1009 785 1006 785 892 799 849 805 840 802 808 791 806 791 803 791 800 791 754 808 742 811 737 808 722 796 719 796 717 796 714 796 711 796 708 796 688 811 676 814 608 814 424 811 421 811 146 834 152 894"/></Shape>
	    <String CONTENT="cum grand amend le principe."
                    HPOS="146"
                    VPOS="765"
                    WIDTH="1408"
                    HEIGHT="163"
                    WC="0.979596312556948"></String>
          </TextLine>

          
          
          <TextLine ID="eSc_line_15201fa7"
                    TAGREFS="LT11324"
                    BASELINE="154 983 719 940 1594 900" 
                    HPOS="149"
                    VPOS="842"
                    WIDTH="1445"
                    HEIGHT="184">
            <Shape><Polygon POINTS="154 1009 246 1026 249 1026 252 1026 255 1026 281 1006 301 1023 304 1023 306 1023 309 1023 461 994 470 994 479 994 622 1006 625 1006 628 1006 711 983 734 977 803 977 1041 983 1044 983 1046 983 1121 963 1153 954 1190 957 1230 963 1233 963 1236 963 1259 954 1282 948 1302 954 1353 966 1356 966 1359 966 1462 960 1465 960 1468 960 1491 943 1503 937 1594 937 1594 900 1586 854 1505 857 1503 857 1485 842 1482 842 1480 842 1477 842 1474 842 1471 842 1451 860 1451 862 1279 871 1221 871 1147 857 1144 857 894 891 886 891 880 891 780 877 777 877 774 877 771 877 771 880 768 880 760 891 745 880 742 880 740 880 737 880 519 891 516 891 441 914 421 897 418 897 415 897 413 897 149 931 154 983"/></Shape>
	    <String CONTENT="Quand l  l&#x27;oculaire est petit, et a son foyer"
                    HPOS="149"
                    VPOS="842"
                    WIDTH="1445"
                    HEIGHT="184"
                    WC="0.9666863077216679"></String>
          </TextLine>

          
          
          <TextLine ID="eSc_line_f37ecb7e"
                    TAGREFS="LT11324"
                    BASELINE="143 1075 656 1034 1666 986" 
                    HPOS="137"
                    VPOS="920"
                    WIDTH="1529"
                    HEIGHT="198">
            <Shape><Polygon POINTS="143 1118 344 1112 347 1112 355 1109 410 1083 453 1100 456 1100 458 1100 461 1100 464 1100 464 1097 467 1097 481 1080 530 1095 533 1095 536 1095 539 1095 576 1075 608 1092 610 1092 613 1092 616 1092 619 1092 628 1089 694 1069 737 1083 754 1089 757 1089 760 1089 763 1089 785 1080 834 1060 960 1060 966 1069 978 1077 981 1077 983 1077 986 1077 989 1077 1035 1063 1067 1054 1092 1060 1141 1069 1144 1069 1147 1069 1184 1054 1190 1052 1201 1052 1270 1060 1273 1060 1276 1060 1279 1060 1296 1046 1308 1037 1339 1043 1385 1052 1388 1052 1391 1052 1394 1052 1394 1049 1405 1037 1417 1029 1454 1034 1485 1040 1488 1040 1491 1040 1508 1032 1528 1023 1666 1023 1666 986 1660 937 1551 920 1548 920 1425 946 1388 954 1305 954 1296 951 1267 937 1264 937 1262 937 1259 937 1204 954 1176 963 1153 957 1121 946 1118 946 1115 946 1112 946 1084 957 1058 968 1024 960 978 951 975 951 972 951 946 963 929 971 880 966 814 960 811 960 771 963 768 963 765 963 765 966 763 966 760 971 748 986 527 980 473 980 470 980 450 983 332 1009 255 997 252 997 249 997 246 997 232 1011 212 997 212 994 209 994 206 994 203 994 137 994 143 1075"/></Shape>
	    <String CONTENT="eloigne l&#x27;image qu&#x27;on voit dans ce foyer, paroist"
                    HPOS="137"
                    VPOS="920"
                    WIDTH="1529"
                    HEIGHT="198"
                    WC="0.9591416193514454"></String>
          </TextLine>

          
          
          <TextLine ID="eSc_line_59f92341"
                    TAGREFS="LT11324"
                    BASELINE="134 1178 780 1123 1652 1072" 
                    HPOS="129"
                    VPOS="1026"
                    WIDTH="1523"
                    HEIGHT="200">
            <Shape><Polygon POINTS="140 1226 197 1204 249 1218 252 1218 255 1218 433 1206 436 1206 441 1204 487 1181 527 1198 530 1198 533 1198 536 1198 539 1198 542 1198 542 1195 567 1172 986 1161 1190 1155 1270 1140 1313 1132 1328 1135 1351 1143 1353 1143 1356 1143 1359 1143 1385 1132 1408 1118 1428 1129 1437 1132 1439 1132 1442 1132 1445 1132 1462 1126 1488 1112 1652 1109 1652 1072 1646 1026 1396 1026 1394 1026 1391 1026 1388 1026 1388 1029 1385 1029 1376 1037 1373 1046 1256 1052 1199 1049 1092 1040 1090 1040 1087 1040 1038 1057 1003 1069 983 1060 952 1043 949 1043 946 1043 625 1063 622 1063 585 1080 573 1086 565 1083 545 1075 542 1075 539 1075 536 1075 533 1075 522 1083 493 1103 361 1092 306 1089 304 1089 301 1089 286 1097 243 1120 129 1106 134 1178"/></Shape>
	    <String CONTENT="paroist plus getite à loeil, car elle est plus distante."
                    HPOS="129"
                    VPOS="1026"
                    WIDTH="1523"
                    HEIGHT="200"
                    WC="0.9544527405186704"></String>
          </TextLine>

          
          
          <TextLine ID="eSc_line_a1d4207c"
                    TAGREFS="LT11324"
                    BASELINE="134 1261 1591 1166" 
                    HPOS="129"
                    VPOS="1112"
                    WIDTH="1462"
                    HEIGHT="192">
            <Shape><Polygon POINTS="134 1304 312 1284 361 1292 384 1298 387 1298 390 1298 392 1298 392 1295 398 1292 413 1278 579 1281 708 1281 711 1281 714 1281 760 1269 806 1255 831 1264 846 1269 849 1269 851 1269 1021 1261 1024 1261 1052 1249 1090 1235 1121 1247 1144 1252 1147 1252 1150 1252 1221 1238 1328 1218 1348 1232 1353 1235 1356 1235 1359 1235 1362 1235 1365 1235 1368 1235 1373 1229 1391 1215 1431 1226 1457 1232 1460 1232 1462 1232 1465 1232 1497 1221 1548 1204 1586 1215 1591 1166 1583 1123 1488 1126 1462 1112 1460 1112 1457 1112 1454 1112 1451 1112 1408 1132 1316 1118 1313 1118 1310 1118 1308 1118 1276 1140 1276 1143 1184 1149 1181 1149 1158 1132 1155 1132 1153 1132 1150 1132 1147 1132 1087 1149 1052 1135 1049 1135 1046 1135 877 1146 874 1146 828 1172 826 1172 811 1172 654 1161 651 1161 648 1161 605 1181 547 1172 545 1172 542 1172 539 1172 516 1192 513 1195 421 1198 418 1198 401 1181 398 1181 395 1181 392 1181 390 1181 387 1181 387 1183 384 1183 372 1201 329 1201 309 1183 306 1183 304 1183 301 1183 298 1183 252 1209 246 1212 129 1215 134 1261"/></Shape>
	    <String CONTENT="copendant si elle est bion distincte dans ce foyeren"
                    HPOS="129"
                    VPOS="1112"
                    WIDTH="1462"
                    HEIGHT="192"
                    WC="0.9741200277438531"></String>
          </TextLine>

          
          
          <TextLine ID="eSc_line_ba223bbb"
                    TAGREFS="LT11324"
                    BASELINE="134 1353 1531 1258" 
                    HPOS="129"
                    VPOS="1189"
                    WIDTH="1402"
                    HEIGHT="201">
            <Shape><Polygon POINTS="134 1390 1531 1292 1531 1258 1520 1189 1457 1215 1439 1201 1437 1201 1434 1201 1431 1201 1428 1201 1425 1201 1411 1215 1399 1206 1399 1204 1396 1204 1394 1204 1391 1204 1319 1206 1092 1218 1090 1218 1087 1218 1075 1226 1044 1247 872 1255 834 1247 803 1238 800 1238 797 1238 794 1238 742 1255 699 1267 645 1264 553 1255 550 1255 547 1255 456 1278 433 1284 421 1281 375 1267 372 1267 370 1267 367 1267 295 1292 283 1295 269 1295 180 1281 177 1281 174 1281 129 1301 134 1353"/></Shape>
	    <String CONTENT="elle même et a marque les satellites, on"
                    HPOS="129"
                    VPOS="1189"
                    WIDTH="1402"
                    HEIGHT="201"
                    WC="0.971881975487965"></String>
          </TextLine>

          
          
          <TextLine ID="eSc_line_435b1b81"
                    TAGREFS="LT11324"
                    BASELINE="143 1436 765 1387 1626 1341" 
                    HPOS="137"
                    VPOS="1281"
                    WIDTH="1489"
                    HEIGHT="198">
            <Shape><Polygon POINTS="143 1479 424 1444 545 1456 559 1456 562 1456 565 1456 570 1453 656 1424 731 1433 734 1433 737 1433 765 1419 826 1436 834 1439 837 1439 840 1439 923 1430 1353 1381 1623 1381 1626 1341 1620 1281 1417 1281 1414 1281 1411 1281 1379 1295 1348 1307 1333 1295 1319 1287 1316 1287 1313 1287 1310 1287 1178 1295 1176 1295 1144 1307 1112 1321 1052 1312 1018 1310 1015 1310 1012 1310 983 1318 929 1333 883 1324 840 1315 837 1315 748 1333 654 1350 610 1341 579 1333 576 1333 573 1333 570 1333 567 1333 567 1335 565 1335 559 1344 547 1358 329 1370 292 1358 269 1353 266 1353 263 1353 261 1353 258 1353 246 1361 226 1376 137 1370 143 1436"/></Shape>
	    <String CONTENT="Hi lac y verra. au leu que lors que la lumette"
                    HPOS="137"
                    VPOS="1281"
                    WIDTH="1489"
                    HEIGHT="198"
                    WC="0.9946105544981749"></String>
          </TextLine>

          
          
          <TextLine ID="eSc_line_2c8a8e47"
                    TAGREFS="LT11324"
                    BASELINE="166 1527 1583 1424" 
                    HPOS="157"
                    VPOS="1355"
                    WIDTH="1426"
                    HEIGHT="224">
            <Shape><Polygon POINTS="169 1579 390 1548 519 1553 559 1553 562 1553 565 1553 579 1548 642 1522 748 1533 791 1536 794 1536 797 1536 800 1536 811 1527 843 1505 981 1499 1029 1507 1069 1516 1072 1516 1141 1510 1144 1510 1147 1510 1170 1496 1199 1479 1270 1479 1282 1487 1299 1499 1302 1499 1305 1499 1308 1499 1310 1499 1348 1482 1368 1470 1394 1476 1439 1487 1442 1487 1445 1487 1485 1484 1488 1484 1491 1484 1491 1482 1494 1482 1505 1467 1511 1459 1580 1459 1583 1424 1563 1361 1551 1378 1500 1378 1480 1367 1465 1355 1462 1355 1460 1355 1457 1355 1339 1364 1336 1364 1333 1364 1333 1367 1322 1378 1305 1393 1190 1387 1147 1384 1144 1384 1141 1384 1138 1384 1133 1390 1110 1407 1084 1393 1081 1393 1078 1393 1075 1393 1072 1393 1046 1416 906 1424 817 1410 806 1410 803 1410 800 1410 797 1410 797 1413 771 1433 731 1421 728 1421 725 1421 722 1421 633 1444 599 1433 596 1433 593 1433 590 1433 542 1450 493 1433 479 1427 476 1427 473 1427 338 1439 335 1439 327 1444 286 1464 249 1447 246 1447 243 1447 240 1447 157 1453 166 1527"/></Shape>
	    <String CONTENT="sbatelle es ne sont pas marques dansce foyet"
                    HPOS="157"
                    VPOS="1355"
                    WIDTH="1426"
                    HEIGHT="224"
                    WC="0.9772911681370302"></String>
          </TextLine>

          
          
          <TextLine ID="eSc_line_0d530ddc"
                    TAGREFS="LT11324"
                    BASELINE="915 1559 1233 1527 1609 1513" 
                    HPOS="909"
                    VPOS="1439"
                    WIDTH="700"
                    HEIGHT="160">
            <Shape><Polygon POINTS="915 1588 998 1599 1001 1599 1003 1599 1029 1585 1049 1573 1064 1585 1084 1599 1087 1599 1090 1599 1092 1599 1095 1599 1150 1582 1158 1579 1170 1582 1224 1591 1227 1591 1230 1591 1233 1591 1250 1579 1282 1556 1408 1550 1609 1565 1609 1513 1600 1439 1457 1453 1454 1453 1451 1453 1451 1456 1448 1456 1437 1470 1382 1456 1362 1453 1359 1453 1356 1453 1339 1459 1296 1482 1038 1496 1006 1490 963 1479 960 1479 958 1479 955 1479 909 1496 915 1559"/></Shape>
	    <String CONTENT="l&#x27;image pourra neant"
                    HPOS="909"
                    VPOS="1439"
                    WIDTH="700"
                    HEIGHT="160"
                    WC="0.9680542945861816"></String>
          </TextLine>

          
          
          <TextLine ID="eSc_line_c2930256"
                    TAGREFS="LT11324"
                    BASELINE="143 1625 619 1593 840 1565" 
                    HPOS="137"
                    VPOS="1499"
                    WIDTH="703"
                    HEIGHT="172">
            <Shape><Polygon POINTS="149 1668 197 1654 212 1662 223 1671 226 1671 229 1671 232 1671 235 1671 286 1656 338 1642 375 1648 444 1659 447 1659 450 1659 530 1634 533 1634 559 1651 562 1651 565 1651 567 1651 662 1645 665 1645 722 1616 737 1608 840 1605 840 1565 828 1499 605 1516 602 1516 599 1516 599 1519 596 1519 596 1522 579 1542 559 1533 556 1533 553 1533 418 1562 301 1568 266 1553 243 1545 240 1545 238 1545 235 1545 232 1545 212 1559 186 1576 137 1568 143 1625"/></Shape>
	    <String CONTENT="celte image le"
                    HPOS="137"
                    VPOS="1499"
                    WIDTH="703"
                    HEIGHT="172"
                    WC="0.983719812972205"></String>
          </TextLine>

          
          
          <TextLine ID="eSc_line_b69f414b"
                    TAGREFS="LT11324"
                    BASELINE="166 1705 1001 1656 1299 1616 1620 1602" 
                    HPOS="163"
                    VPOS="1542"
                    WIDTH="1457"
                    HEIGHT="198">
            <Shape><Polygon POINTS="166 1740 433 1734 436 1734 467 1720 490 1711 516 1717 562 1725 565 1725 567 1725 570 1725 570 1722 585 1711 596 1697 622 1708 651 1720 654 1720 656 1720 731 1714 734 1714 737 1714 757 1697 760 1694 774 1697 831 1708 834 1708 963 1682 1012 1671 1032 1677 1087 1691 1090 1691 1092 1691 1184 1685 1187 1685 1190 1685 1190 1682 1213 1665 1310 1677 1313 1677 1316 1677 1319 1677 1319 1674 1322 1674 1339 1651 1342 1645 1620 1628 1620 1602 1617 1559 1557 1542 1554 1542 1551 1542 1325 1556 1193 1570 1190 1570 1133 1593 1110 1605 874 1619 860 1613 828 1602 826 1602 823 1602 656 1631 610 1636 602 1634 539 1608 536 1608 533 1608 530 1608 527 1608 479 1642 476 1645 464 1645 347 1619 344 1619 341 1619 338 1619 298 1656 295 1659 163 1665 166 1705"/></Shape>
	    <String CONTENT="moc il on ne les y verra pas, quoqque l&#x27;imaqu"
                    HPOS="163"
                    VPOS="1542"
                    WIDTH="1457"
                    HEIGHT="198"
                    WC="0.9701790597703722"></String>
          </TextLine>

          
          
          <TextLine ID="eSc_line_e61c814e"
                    TAGREFS="LT11324"
                    BASELINE="146 1797 1597 1688" 
                    HPOS="137"
                    VPOS="1616"
                    WIDTH="1460"
                    HEIGHT="235">
            <Shape><Polygon POINTS="146 1834 180 1851 183 1851 186 1851 189 1851 192 1851 226 1826 229 1823 306 1820 315 1823 372 1843 375 1843 378 1843 381 1843 441 1814 456 1808 470 1811 527 1831 530 1831 533 1831 788 1811 791 1811 794 1811 826 1791 843 1783 877 1788 897 1791 900 1791 903 1791 923 1785 992 1768 1049 1777 1052 1777 1055 1777 1115 1760 1158 1771 1184 1780 1187 1780 1190 1780 1193 1780 1216 1768 1262 1745 1382 1742 1414 1757 1425 1763 1428 1763 1431 1763 1434 1763 1451 1754 1497 1737 1597 1745 1597 1688 1586 1616 1342 1631 1339 1631 1336 1631 1333 1634 1285 1665 1199 1651 1196 1651 1193 1651 1190 1651 1147 1679 1001 1688 929 1674 926 1674 923 1674 831 1697 791 1682 788 1682 785 1682 783 1682 780 1682 780 1685 777 1685 760 1708 656 1717 513 1722 479 1699 476 1699 473 1699 470 1699 467 1699 464 1699 464 1702 461 1702 441 1728 352 1737 252 1717 249 1717 137 1720 146 1797"/></Shape>
	    <String CONTENT="soit aggrandie par l&#x27;avoisi nement de ldeil a"
                    HPOS="137"
                    VPOS="1616"
                    WIDTH="1460"
                    HEIGHT="235"
                    WC="0.9538426140944163"></String>
          </TextLine>

          
          
          <TextLine ID="eSc_line_f9e125ca"
                    TAGREFS="LT11324"
                    BASELINE="143 1889 533 1866" 
                    HPOS="137"
                    VPOS="1806"
                    WIDTH="396"
                    HEIGHT="134">
            <Shape><Polygon POINTS="143 1923 203 1923 209 1926 232 1940 235 1940 238 1940 240 1940 312 1935 315 1935 318 1935 335 1920 352 1906 415 1906 441 1917 458 1926 461 1926 464 1926 467 1926 487 1917 510 1906 530 1914 533 1866 524 1820 341 1823 335 1823 275 1806 272 1806 269 1806 137 1826 143 1889"/></Shape>
	    <String CONTENT="an foger."
                    HPOS="137"
                    VPOS="1806"
                    WIDTH="396"
                    HEIGHT="134"
                    WC="0.9990812275144789"></String>
          </TextLine>

          
          
          <TextLine ID="eSc_line_73610c25"
                    TAGREFS="LT11324"
                    BASELINE="235 1998 788 1949 1511 1909" 
                    HPOS="229"
                    VPOS="1840"
                    WIDTH="1282"
                    HEIGHT="198">
            <Shape><Polygon POINTS="235 2023 312 2038 315 2038 318 2038 321 2038 347 2018 349 2015 355 2015 410 2029 413 2029 415 2029 418 2029 456 2009 461 2006 467 2009 527 2026 530 2026 533 2026 662 2021 665 2021 742 1989 745 1986 745 1989 760 2000 763 2000 765 2000 768 2000 897 1978 915 1975 920 1975 975 1998 978 1998 981 1998 983 1998 1046 1978 1207 1983 1210 1983 1213 1983 1282 1957 1322 1972 1325 1972 1328 1972 1330 1972 1396 1940 1511 1932 1511 1909 1500 1840 1460 1860 1242 1860 1236 1860 1233 1860 1230 1860 1227 1860 1201 1877 1084 1871 1081 1871 1078 1871 1075 1871 1075 1874 1072 1874 1064 1886 1026 1874 1015 1871 1012 1871 1009 1871 785 1886 783 1886 765 1894 731 1912 539 1920 510 1912 490 1906 487 1906 484 1906 413 1912 410 1912 407 1912 407 1914 404 1914 401 1920 390 1932 352 1923 318 1917 315 1917 229 1932 235 1998"/></Shape>
	    <String CONTENT="On Les Lanettes quivagra ont"
                    HPOS="229"
                    VPOS="1840"
                    WIDTH="1282"
                    HEIGHT="198"
                    WC="0.9522168466023037"></String>
          </TextLine>

          
          
          <TextLine ID="eSc_line_460def3a"
                    TAGREFS="LT11324"
                    BASELINE="123 2107 1540 1986" 
                    HPOS="114"
                    VPOS="1923"
                    WIDTH="1426"
                    HEIGHT="221">
            <Shape><Polygon POINTS="126 2141 261 2121 286 2129 321 2144 324 2144 327 2144 329 2144 332 2144 358 2124 375 2112 447 2115 522 2118 524 2118 527 2118 559 2104 573 2098 579 2104 590 2112 593 2112 596 2112 599 2112 725 2089 803 2075 823 2081 857 2089 860 2089 863 2089 981 2066 983 2066 1069 2081 1072 2081 1445 2049 1448 2049 1451 2049 1451 2046 1482 2018 1485 2015 1540 2012 1540 1986 1534 1929 1405 1923 1402 1923 1399 1923 1353 1940 1302 1960 1264 1949 1259 1946 1256 1946 1253 1946 1250 1946 1247 1946 1247 1949 1244 1949 1224 1969 1130 1978 883 1978 840 1978 837 1978 834 1978 828 1980 791 1998 754 1986 734 1980 731 1980 728 1980 725 1980 722 1980 711 1989 679 2009 625 1995 608 1992 605 1992 602 1992 599 1992 585 1998 524 2026 481 2006 476 2003 473 2003 470 2003 390 2009 387 2009 384 2009 384 2012 381 2015 349 2043 258 2049 114 2035 123 2107"/></Shape>
	    <String CONTENT="eu jusqu&#x27;icy peu d&#x27;ouverture, a caust dela"
                    HPOS="114"
                    VPOS="1923"
                    WIDTH="1426"
                    HEIGHT="221"
                    WC="0.9752376434348878"></String>
          </TextLine>

          
          
          <TextLine ID="eSc_line_a6b876fe"
                    TAGREFS="LT11324"
                    BASELINE="671 2135 1612 2069" 
                    HPOS="665"
                    VPOS="2006"
                    WIDTH="947"
                    HEIGHT="155">
            <Shape><Polygon POINTS="671 2150 806 2144 811 2147 823 2158 823 2161 826 2161 828 2161 831 2161 917 2158 920 2158 975 2141 989 2135 1003 2138 1035 2150 1038 2150 1041 2150 1044 2150 1101 2135 1161 2118 1204 2129 1227 2135 1230 2135 1233 2135 1236 2135 1239 2135 1250 2127 1262 2121 1316 2124 1365 2127 1368 2127 1371 2127 1382 2121 1414 2107 1503 2112 1505 2112 1508 2112 1511 2112 1511 2109 1528 2095 1543 2107 1543 2109 1546 2109 1548 2109 1551 2112 1612 2112 1612 2069 1603 2006 1460 2012 1457 2012 1454 2012 1445 2018 1405 2046 1072 2066 1032 2052 1012 2046 1009 2046 1006 2046 1003 2046 952 2061 880 2081 843 2069 806 2058 803 2058 800 2058 797 2058 751 2078 737 2086 665 2086 671 2135"/></Shape>
	    <String CONTENT="agant des grands objectits,"
                    HPOS="665"
                    VPOS="2006"
                    WIDTH="947"
                    HEIGHT="155"
                    WC="0.9722789812971044"></String>
          </TextLine>

          
          
          <TextLine ID="eSc_line_25a5ff78"
                    TAGREFS="LT11324"
                    BASELINE="154 2210 309 2195" 
                    HPOS="149"
                    VPOS="2138"
                    WIDTH="163"
                    HEIGHT="132">
            <Shape><Polygon POINTS="298 2141 229 2158 149 2138 154 2210 160 2270 312 2270 309 2195"/></Shape>
	    <String CONTENT="retitu"
                    HPOS="149"
                    VPOS="2138"
                    WIDTH="163"
                    HEIGHT="132"
                    WC="0.9155050615469614"></String>
          </TextLine>

          
          
          <TextLine ID="eSc_line_108a6abb"
                    TAGREFS="LT11324"
                    BASELINE="1181 2147 1617 2135" 
                    HPOS="1178"
                    VPOS="2092"
                    WIDTH="439"
                    HEIGHT="106">
            <Shape><Polygon POINTS="1236 2098 1207 2098 1178 2101 1181 2147 1181 2190 1253 2198 1256 2198 1259 2198 1279 2190 1333 2172 1431 2181 1434 2181 1505 2167 1528 2184 1554 2184 1557 2190 1617 2190 1617 2135 1609 2092 1270 2092 1264 2095"/></Shape>
	    <String CONTENT="de verre biem claires"
                    HPOS="1178"
                    VPOS="2092"
                    WIDTH="439"
                    HEIGHT="106"
                    WC="0.9852657403264727"></String>
          </TextLine>

          
          
          <TextLine ID="eSc_line_fdf4b64b"
                    TAGREFS="LT11324"
                    BASELINE="375 2215 539 2190 605 2198 966 2170" 
                    HPOS="370"
                    VPOS="2124"
                    WIDTH="596"
                    HEIGHT="132">
            <Shape><Polygon POINTS="740 2132 711 2132 682 2135 676 2124 639 2147 628 2152 610 2150 533 2132 530 2132 370 2164 375 2215 381 2256 447 2218 547 2213 619 2233 625 2236 628 2236 631 2236 633 2236 651 2230 728 2210 760 2218 763 2218 765 2218 768 2218 771 2218 811 2193 843 2213 846 2215 849 2215 851 2215 854 2215 966 2201 966 2170 960 2127 817 2135 808 2135 768 2127 768 2129"/></Shape>
	    <String CONTENT="e mugen des geand"
                    HPOS="370"
                    VPOS="2124"
                    WIDTH="596"
                    HEIGHT="132"
                    WC="0.9588130467078265"></String>
          </TextLine>

          
          
          <TextLine ID="eSc_line_8c5d3f3f"
                    TAGREFS="LT11324"
                    BASELINE="154 2293 926 2224 1557 2187" 
                    HPOS="149"
                    VPOS="2141"
                    WIDTH="1408"
                    HEIGHT="183">
            <Shape><Polygon POINTS="1359 2144 1296 2164 1293 2164 1285 2164 1075 2164 1072 2164 1069 2164 995 2187 992 2187 926 2175 923 2175 920 2175 857 2193 711 2193 708 2193 705 2193 702 2193 702 2195 699 2195 691 2210 688 2210 682 2210 524 2207 522 2207 519 2207 447 2230 441 2230 438 2230 410 2215 407 2215 404 2215 401 2215 335 2238 327 2241 149 2250 154 2293 154 2324 453 2316 456 2316 510 2299 536 2290 550 2296 576 2304 579 2304 582 2304 585 2304 588 2304 613 2290 616 2287 636 2287 748 2293 751 2293 754 2293 797 2273 814 2264 1124 2241 1135 2244 1184 2258 1187 2258 1190 2258 1193 2258 1253 2236 1299 2250 1302 2250 1305 2250 1419 2241 1422 2241 1425 2241 1465 2215 1485 2233 1485 2236 1488 2236 1491 2236 1494 2236 1497 2236 1557 2207 1557 2187 1548 2147 1396 2155 1382 2144 1382 2141 1379 2144"/></Shape>
	    <String CONTENT="et aussi des grands oculaisef on peut aussi"
                    HPOS="149"
                    VPOS="2141"
                    WIDTH="1408"
                    HEIGHT="183"
                    WC="0.9806933652522952"></String>
          </TextLine>

          
          
          <TextLine ID="eSc_line_02b0111f"
                    TAGREFS="LT11324"
                    BASELINE="134 2367 1216 2270 1594 2250" 
                    HPOS="129"
                    VPOS="2190"
                    WIDTH="1465"
                    HEIGHT="220">
            <Shape><Polygon POINTS="137 2408 252 2410 255 2410 258 2410 286 2396 306 2387 324 2393 347 2402 349 2402 352 2402 355 2402 378 2390 407 2376 438 2385 441 2385 444 2385 447 2385 453 2385 536 2362 565 2376 579 2382 582 2382 585 2382 731 2370 734 2370 737 2370 748 2362 768 2344 831 2353 834 2353 837 2353 840 2353 906 2330 1098 2333 1167 2333 1170 2333 1173 2333 1176 2333 1176 2330 1181 2327 1196 2310 1224 2324 1233 2327 1236 2327 1239 2327 1242 2327 1244 2327 1253 2322 1293 2296 1402 2287 1428 2307 1431 2307 1434 2307 1437 2307 1439 2307 1445 2304 1505 2281 1591 2293 1594 2250 1586 2190 129 2316 134 2367"/></Shape>
	    <String CONTENT="illur donner Cdes grands oculaires et une grandi"
                    HPOS="129"
                    VPOS="2190"
                    WIDTH="1465"
                    HEIGHT="220"
                    WC="0.9815589264035225"></String>
          </TextLine>

          
          
          <TextLine ID="eSc_line_d4823049"
                    TAGREFS="LT11324"
                    BASELINE="129 2451 1534 2327" 
                    HPOS="123"
                    VPOS="2264"
                    WIDTH="1411"
                    HEIGHT="235">
            <Shape><Polygon POINTS="131 2499 263 2491 266 2491 269 2491 301 2471 430 2473 458 2473 461 2473 501 2468 625 2442 705 2445 751 2448 754 2448 826 2433 915 2416 949 2422 981 2428 983 2428 1534 2362 1534 2327 1523 2264 1454 2293 1431 2276 1428 2276 1425 2276 1422 2276 1417 2276 1353 2279 1328 2284 1190 2316 1095 2307 1081 2307 1078 2307 1075 2307 1072 2307 1069 2310 1049 2327 1021 2316 1009 2310 1006 2310 1003 2310 1001 2310 998 2310 986 2319 958 2336 849 2333 768 2330 765 2330 763 2330 711 2347 662 2365 599 2367 588 2359 579 2350 576 2350 573 2350 570 2350 567 2350 565 2350 545 2365 524 2373 467 2370 421 2370 418 2370 415 2370 378 2382 338 2390 318 2387 281 2379 278 2379 275 2379 272 2379 252 2393 249 2393 180 2382 177 2382 174 2382 123 2402 129 2451"/></Shape>
	    <String CONTENT="snvesture. Et par ce moyen on obtient"
                    HPOS="123"
                    VPOS="2264"
                    WIDTH="1411"
                    HEIGHT="235"
                    WC="0.9874476146053623"></String>
          </TextLine>

          
          
          <TextLine ID="eSc_line_1e55257d"
                    TAGREFS="LT11324"
                    BASELINE="152 2528 820 2488 1560 2416" 
                    HPOS="146"
                    VPOS="2353"
                    WIDTH="1414"
                    HEIGHT="206">
            <Shape><Polygon POINTS="152 2554 332 2539 344 2542 395 2559 398 2559 401 2559 567 2537 608 2551 610 2551 613 2551 616 2551 619 2551 619 2548 622 2548 636 2531 705 2534 708 2534 711 2534 714 2534 714 2531 734 2514 831 2534 834 2534 935 2522 937 2522 940 2522 975 2491 978 2488 981 2491 1044 2516 1046 2516 1049 2516 1170 2505 1173 2505 1176 2505 1204 2482 1356 2491 1359 2491 1362 2491 1439 2453 1445 2451 1454 2451 1540 2468 1543 2468 1546 2468 1548 2468 1548 2465 1551 2465 1560 2451 1560 2416 1548 2353 1491 2370 1422 2365 1414 2365 1411 2365 1408 2365 1405 2365 1356 2396 1219 2405 1204 2393 1204 2390 1201 2390 1199 2390 1155 2390 1081 2390 1078 2390 863 2408 860 2408 857 2408 846 2419 820 2436 765 2425 757 2425 754 2425 708 2430 507 2462 473 2453 438 2442 436 2442 433 2442 430 2442 390 2462 361 2473 329 2468 281 2456 278 2456 275 2456 272 2456 252 2473 240 2485 146 2485 152 2528"/></Shape>
	    <String CONTENT="s une grande clarte, usqu&#x27;a ponuois voir"
                    HPOS="146"
                    VPOS="2353"
                    WIDTH="1414"
                    HEIGHT="206"
                    WC="0.9875907361507416"></String>
          </TextLine>

          
          
          <TextLine ID="eSc_line_6f494820"
                    TAGREFS="LT11324"
                    BASELINE="129 2577 209 2571" 
                    HPOS="123"
                    VPOS="2528"
                    WIDTH="86"
                    HEIGHT="74">
            <Shape><Polygon POINTS="129 2602 209 2602 209 2571 200 2528 123 2537 129 2577"/></Shape>
	    <String CONTENT="od"
                    HPOS="123"
                    VPOS="2528"
                    WIDTH="86"
                    HEIGHT="74"
                    WC="0.9654640257358551"></String>
          </TextLine>

          
          
          <TextLine ID="eSc_line_58bf98a2"
                    TAGREFS="LT11324"
                    BASELINE="129 2666 694 2591 1577 2516" 
                    HPOS="120"
                    VPOS="2445"
                    WIDTH="1460"
                    HEIGHT="261">
            <Shape><Polygon POINTS="131 2706 427 2680 430 2680 444 2677 501 2654 530 2666 536 2668 539 2668 542 2668 545 2668 547 2668 547 2666 550 2663 573 2640 613 2657 616 2657 619 2657 622 2657 628 2654 679 2631 828 2631 831 2631 834 2631 837 2631 866 2611 900 2625 917 2631 920 2631 923 2631 1009 2623 1012 2623 1035 2611 1069 2591 1150 2597 1178 2600 1181 2600 1184 2600 1207 2591 1244 2577 1267 2585 1287 2594 1290 2594 1293 2594 1296 2594 1299 2594 1316 2580 1336 2565 1439 2565 1468 2565 1471 2565 1474 2565 1485 2562 1514 2548 1528 2557 1551 2568 1554 2568 1557 2568 1560 2568 1563 2568 1580 2554 1577 2516 1569 2445 1342 2491 1161 2491 1155 2491 1153 2491 1150 2491 1081 2514 1044 2502 1026 2496 1024 2496 1021 2496 1018 2496 986 2508 969 2516 958 2511 940 2505 937 2505 935 2505 731 2525 728 2525 676 2542 636 2559 516 2565 504 2562 473 2551 470 2551 467 2551 464 2551 421 2571 404 2580 372 2577 298 2571 295 2571 292 2571 289 2571 269 2588 261 2597 169 2602 163 2600 146 2588 143 2588 140 2588 137 2588 134 2588 131 2588 120 2594 129 2666"/></Shape>
	    <String CONTENT="des choses cloignees la nuit, à cause e la multi–"
                    HPOS="120"
                    VPOS="2445"
                    WIDTH="1460"
                    HEIGHT="261"
                    WC="0.9851174640655518"></String>
          </TextLine>

          
          
          <TextLine ID="eSc_line_0606a0d9"
                    TAGREFS="LT11324"
                    BASELINE="146 2757 1236 2637 1589 2614" 
                    HPOS="137"
                    VPOS="2537"
                    WIDTH="1452"
                    HEIGHT="283">
            <Shape><Polygon POINTS="157 2820 200 2786 378 2786 381 2786 384 2786 387 2786 436 2757 487 2780 499 2783 501 2783 504 2783 507 2783 539 2774 590 2757 613 2763 625 2769 628 2769 631 2769 800 2752 803 2752 828 2737 883 2709 1015 2709 1018 2709 1021 2709 1075 2688 1155 2700 1173 2700 1176 2700 1178 2700 1190 2694 1239 2668 1339 2660 1376 2671 1417 2686 1419 2686 1422 2686 1589 2645 1589 2614 1580 2548 1494 2537 1491 2537 1302 2580 1299 2580 1296 2580 1227 2562 1224 2562 1221 2562 1219 2562 1115 2600 1112 2600 1035 2582 1032 2582 1029 2582 949 2617 872 2600 869 2600 656 2648 605 2628 602 2628 599 2628 596 2628 542 2648 493 2640 490 2640 487 2640 398 2674 312 2663 309 2663 306 2663 304 2663 304 2666 286 2680 206 2677 203 2677 200 2677 137 2703 146 2757"/></Shape>
	    <String CONTENT="plication des images, chacune portant sa clarte"
                    HPOS="137"
                    VPOS="2537"
                    WIDTH="1452"
                    HEIGHT="283"
                    WC="0.9839028265882046"></String>
          </TextLine>

          
          
          <TextLine ID="eSc_line_a32e572b"
                    TAGREFS="LT11324"
                    BASELINE="134 2840 413 2812" 
                    HPOS="129"
                    VPOS="2749"
                    WIDTH="284"
                    HEIGHT="123">
            <Shape><Polygon POINTS="137 2872 413 2846 413 2812 401 2749 298 2780 238 2774 195 2769 192 2769 189 2769 186 2769 186 2772 172 2783 160 2795 129 2792 134 2840"/></Shape>
	    <String CONTENT="a ec et"
                    HPOS="129"
                    VPOS="2749"
                    WIDTH="284"
                    HEIGHT="123"
                    WC="0.9420831033161708"></String>
          </TextLine>

          
          
          <TextLine ID="eSc_line_8c79f8e1"
                    TAGREFS="LT11324"
                    BASELINE="484 2858 585 2855" 
                    HPOS="481"
                    VPOS="2797"
                    WIDTH="104"
                    HEIGHT="92">
            <Shape><Polygon POINTS="484 2889 585 2875 585 2855 576 2797 481 2806 484 2858"/></Shape>
	    <String CONTENT="nen"
                    HPOS="481"
                    VPOS="2797"
                    WIDTH="104"
                    HEIGHT="92"
                    WC="0.9826772411664327"></String>
          </TextLine>

          
          
          <TextLine ID="eSc_line_2dee3d35"
                    TAGREFS="LT11324"
                    BASELINE="378 2906 496 2903" 
                    HPOS="375"
                    VPOS="2835"
                    WIDTH="121"
                    HEIGHT="89">
            <Shape><Polygon POINTS="375 2838 378 2906 378 2918 490 2924 496 2903 490 2858 484 2835"/></Shape>
	    <String CONTENT="vt"
                    HPOS="375"
                    VPOS="2835"
                    WIDTH="121"
                    HEIGHT="89"
                    WC="0.9425804018974304"></String>
          </TextLine>

          
          
          <TextLine ID="eSc_line_0d035f3a"
                    TAGREFS="LT11324"
                    BASELINE="685 2866 1640 2792" 
                    HPOS="679"
                    VPOS="2717"
                    WIDTH="961"
                    HEIGHT="201">
            <Shape><Polygon POINTS="783 2912 785 2912 788 2912 837 2883 886 2898 889 2898 892 2898 894 2898 998 2872 1112 2886 1115 2886 1118 2886 1201 2855 1308 2872 1310 2872 1313 2872 1316 2872 1365 2843 1457 2860 1460 2860 1462 2860 1465 2860 1505 2832 1640 2846 1640 2792 1635 2737 1554 2717 1551 2717 1548 2717 1546 2717 1508 2737 1471 2720 1468 2720 1465 2720 1462 2720 1371 2754 1353 2760 1348 2754 1328 2737 1325 2737 1322 2737 1319 2737 1210 2740 1207 2740 1141 2766 1098 2783 1064 2772 1029 2757 1026 2757 1024 2757 1021 2757 986 2774 946 2797 728 2812 679 2792 685 2866 688 2918"/></Shape>
	    <String CONTENT="a ravers de ces grands vorrus"
                    HPOS="679"
                    VPOS="2717"
                    WIDTH="961"
                    HEIGHT="201"
                    WC="0.9713316991411406"></String>
          </TextLine>

          
          
          <TextLine ID="eSc_line_eb1d7cb8"
                    TAGREFS="LT11324"
                    BASELINE="1095 2901 1178 2898" 
                    HPOS="1092"
                    VPOS="2849"
                    WIDTH="86"
                    HEIGHT="103">
            <Shape><Polygon POINTS="1095 2952 1178 2938 1178 2898 1170 2849 1092 2858 1095 2901"/></Shape>
	    <String CONTENT="X"
                    HPOS="1092"
                    VPOS="2849"
                    WIDTH="86"
                    HEIGHT="103"
                    WC="0.9975538849830627"></String>
          </TextLine>

          
          
          <TextLine ID="eSc_line_91988892"
                    TAGREFS="LT11324"
                    BASELINE="137 2969 656 2938" 
                    HPOS="131"
                    VPOS="2843"
                    WIDTH="525"
                    HEIGHT="161">
            <Shape><Polygon POINTS="533 2858 530 2858 527 2858 527 2860 496 2892 481 2892 476 2906 447 2906 418 2906 390 2906 375 2875 358 2860 355 2860 352 2860 349 2860 347 2860 275 2883 215 2869 212 2869 209 2869 206 2869 131 2909 137 2969 137 3001 367 3004 378 3004 456 2992 562 2972 588 2987 590 2989 593 2989 596 2989 599 2989 656 2984 656 2938 645 2843 559 2852 559 2858"/></Shape>
	    <String CONTENT="voreq comudese"
                    HPOS="131"
                    VPOS="2843"
                    WIDTH="525"
                    HEIGHT="161"
                    WC="0.8185695558786392"></String>
          </TextLine>

          
          
          <TextLine ID="eSc_line_300d6438"
                    TAGREFS="LT11324"
                    BASELINE="140 3021 880 2987 1603 2909" 
                    HPOS="134"
                    VPOS="2875"
                    WIDTH="1469"
                    HEIGHT="198">
            <Shape><Polygon POINTS="134 2978 140 3021 143 3061 352 3047 355 3047 392 3073 395 3073 398 3073 401 3073 499 3050 510 3061 513 3061 516 3061 519 3061 522 3061 524 3061 556 3032 562 3030 588 3030 780 3047 783 3047 1009 3030 1012 3030 1067 3007 1184 3015 1187 3015 1190 3015 1193 3015 1193 3012 1213 2992 1270 3010 1273 3010 1276 3010 1279 3010 1388 2975 1425 2961 1488 2961 1500 2967 1514 2978 1517 2978 1520 2978 1523 2978 1526 2978 1528 2978 1546 2964 1557 2955 1603 2958 1603 2909 1600 2875 1388 2875 1385 2875 1382 2875 1379 2875 1356 2892 1345 2898 1322 2892 1276 2883 1273 2883 1270 2883 1267 2883 1244 2898 1219 2915 1110 2921 1090 2909 1081 2906 1078 2906 1075 2906 1072 2906 1058 2912 1024 2929 857 2941 797 2932 745 2924 742 2924 740 2924 705 2938 665 2955 599 2946 596 2946 593 2946 590 2946 588 2946 588 2949 585 2949 576 2961 415 2961 413 2961 410 2961 407 2961 390 2975 344 2964 321 2961 318 2961 315 2961 312 2961 306 2967 286 2981 235 2972 195 2967 192 2967"/></Shape>
	    <String CONTENT="quand meme le soleil C s fait passer ce rayon"
                    HPOS="134"
                    VPOS="2875"
                    WIDTH="1469"
                    HEIGHT="198"
                    WC="0.9478908605045743"></String>
          </TextLine>

          
          
          <TextLine ID="eSc_line_d213217b"
                    TAGREFS="LT11324"
                    BASELINE="114 3107 1035 3047 1563 2992" 
                    HPOS="109"
                    VPOS="2941"
                    WIDTH="1454"
                    HEIGHT="200">
            <Shape><Polygon POINTS="114 3139 421 3141 424 3141 582 3104 608 3127 610 3127 613 3127 616 3127 619 3127 694 3101 722 3118 725 3118 728 3118 731 3118 966 3073 998 3067 1006 3070 1067 3090 1069 3090 1072 3090 1153 3087 1155 3087 1158 3087 1210 3053 1213 3050 1428 3035 1434 3035 1480 3047 1482 3047 1485 3047 1488 3047 1563 3024 1563 2992 1551 2941 1511 2958 1465 2946 1462 2946 1460 2946 1457 2946 1431 2949 1262 2975 1199 2967 1190 2967 1187 2967 1184 2967 1176 2969 1075 2998 1044 2984 1041 2984 1038 2984 1035 2984 1032 2984 1032 2987 1029 2987 1018 3001 823 3001 820 3001 817 3001 814 3001 814 3004 811 3004 800 3021 731 3024 705 3007 702 3007 699 3007 697 3007 694 3007 691 3007 691 3010 688 3010 674 3027 553 3015 542 3015 539 3015 536 3015 533 3015 533 3018 530 3018 516 3038 349 3038 347 3038 344 3038 304 3055 261 3038 258 3038 255 3038 109 3047 114 3107"/></Shape>
	    <String CONTENT="de fravers; et genera ement dans at grandes"
                    HPOS="109"
                    VPOS="2941"
                    WIDTH="1454"
                    HEIGHT="200"
                    WC="0.9494823175807332"></String>
          </TextLine>

          
          
          <TextLine ID="eSc_line_1f4c28ef"
                    TAGREFS="LT11324"
                    BASELINE="172 3196 1589 3081" 
                    HPOS="166"
                    VPOS="3012"
                    WIDTH="1425"
                    HEIGHT="241">
            <Shape><Polygon POINTS="174 3245 197 3253 200 3253 203 3253 206 3253 235 3242 295 3213 395 3216 398 3216 496 3196 588 3216 610 3219 613 3219 777 3207 780 3207 794 3202 851 3170 958 3159 1178 3173 1201 3173 1204 3173 1207 3173 1210 3173 1213 3170 1279 3130 1414 3121 1460 3150 1462 3150 1465 3150 1468 3150 1591 3141 1589 3081 1580 3012 1442 3038 1299 3038 1199 3041 1196 3041 1193 3041 1184 3050 1155 3073 1029 3070 1026 3070 1024 3070 1021 3070 1021 3073 1018 3073 1006 3087 846 3098 794 3087 771 3084 768 3084 765 3084 731 3093 668 3113 636 3104 599 3090 596 3090 593 3090 590 3090 536 3113 507 3127 275 3144 261 3139 232 3130 229 3130 226 3130 223 3130 166 3147 172 3196"/></Shape>
	    <String CONTENT="reces eo pome quune infinire d&#x27;images"
                    HPOS="166"
                    VPOS="3012"
                    WIDTH="1425"
                    HEIGHT="241"
                    WC="0.9468590794382868"></String>
          </TextLine>

          
          
          <TextLine ID="eSc_line_163d9d50"
                    TAGREFS="LT11324"
                    BASELINE="146 3296 1147 3202 1534 3179" 
                    HPOS="140"
                    VPOS="3113"
                    WIDTH="1394"
                    HEIGHT="246">
            <Shape><Polygon POINTS="152 3359 246 3331 292 3342 295 3342 298 3342 301 3342 304 3342 347 3302 576 3293 605 3313 610 3319 613 3319 616 3319 619 3319 849 3299 851 3299 854 3299 854 3296 857 3296 866 3285 892 3253 995 3247 1067 3262 1104 3270 1107 3270 1110 3270 1147 3253 1167 3245 1193 3247 1264 3262 1267 3262 1270 3262 1273 3262 1273 3259 1296 3236 1308 3227 1328 3233 1388 3250 1391 3250 1394 3250 1425 3247 1428 3247 1431 3247 1431 3245 1434 3245 1454 3219 1465 3207 1531 3210 1534 3179 1528 3130 1411 3113 1408 3113 1405 3113 1402 3113 1402 3116 1371 3141 1371 3144 1305 3147 1147 3159 1124 3141 1121 3141 1118 3141 1115 3141 1058 3144 969 3167 808 3167 806 3167 803 3167 742 3196 737 3199 722 3199 648 3190 645 3190 642 3190 579 3210 570 3213 567 3213 547 3196 545 3196 542 3196 539 3196 536 3196 533 3196 501 3216 424 3202 421 3202 418 3202 415 3202 415 3204 398 3219 327 3210 324 3210 321 3210 263 3239 252 3245 140 3247 146 3296"/></Shape>
	    <String CONTENT="paerissent, il en reste tousjours assez"
                    HPOS="140"
                    VPOS="3113"
                    WIDTH="1394"
                    HEIGHT="246"
                    WC="0.9833559944079473"></String>
          </TextLine>

          
          
          <TextLine ID="eSc_line_7e8dc743"
                    TAGREFS="LT11324"
                    BASELINE="272 3394 1548 3296" 
                    HPOS="266"
                    VPOS="3227"
                    WIDTH="1282"
                    HEIGHT="218">
            <Shape><Polygon POINTS="275 3445 427 3422 516 3425 536 3425 539 3425 542 3425 550 3422 610 3394 631 3411 633 3411 636 3411 639 3411 642 3411 728 3388 791 3399 837 3405 840 3405 843 3405 880 3391 923 3371 972 3379 975 3379 983 3379 1104 3359 1127 3365 1170 3379 1173 3379 1176 3379 1285 3371 1287 3371 1348 3342 1368 3333 1548 3322 1548 3296 1543 3239 1437 3227 1434 3227 1431 3227 1428 3227 1399 3250 1394 3253 1388 3250 1371 3236 1371 3233 1368 3233 1365 3233 1362 3233 1293 3239 1290 3239 1230 3265 1207 3273 1178 3268 1104 3256 1101 3256 946 3285 889 3270 886 3270 883 3270 880 3270 877 3270 837 3296 828 3305 722 3311 711 3308 651 3288 648 3288 645 3288 642 3288 573 3316 542 3305 539 3305 536 3305 533 3305 530 3305 530 3308 507 3325 507 3328 266 3345 272 3394"/></Shape>
	    <String CONTENT="deiro 1b Non obus Vindio reset, und"
                    HPOS="266"
                    VPOS="3227"
                    WIDTH="1282"
                    HEIGHT="218"
                    WC="0.9399430547441755"></String>
          </TextLine>

          
          
          <TextLine ID="eSc_line_5b7157e0"
                    TAGREFS="LT11324"
                    BASELINE="134 3497 524 3483 1589 3385" 
                    HPOS="129"
                    VPOS="3319"
                    WIDTH="1460"
                    HEIGHT="227">
            <Shape><Polygon POINTS="137 3540 295 3523 304 3528 329 3546 332 3546 335 3546 338 3546 341 3546 390 3520 410 3511 424 3517 461 3531 464 3531 467 3531 699 3514 702 3514 705 3514 705 3511 722 3497 774 3508 777 3508 780 3508 834 3480 846 3474 860 3477 943 3494 946 3494 949 3494 1006 3462 1015 3460 1021 3462 1072 3483 1075 3483 1078 3483 1150 3477 1153 3477 1267 3442 1437 3442 1439 3442 1442 3442 1445 3442 1445 3440 1448 3440 1462 3422 1514 3434 1517 3434 1520 3434 1589 3408 1589 3385 1583 3339 1508 3319 1505 3319 1503 3319 1500 3319 1439 3354 1345 3359 1305 3342 1302 3342 1299 3342 1296 3342 1230 3368 1221 3371 1216 3371 1170 3356 1167 3356 1164 3356 1161 3356 1098 3374 1058 3354 1055 3354 1052 3354 849 3385 760 3379 757 3379 754 3379 751 3379 751 3382 722 3408 714 3417 516 3428 510 3422 490 3408 490 3405 487 3405 484 3405 481 3405 413 3408 275 3437 235 3425 232 3425 229 3425 226 3425 223 3425 200 3448 186 3457 129 3454 134 3497"/></Shape>
	    <String CONTENT="nit solisgecaalt hipset, dast anis dio"
                    HPOS="129"
                    VPOS="3319"
                    WIDTH="1460"
                    HEIGHT="227"
                    WC="0.9641682184056232"></String>
          </TextLine>

          
          
          <TextLine ID="eSc_line_1bc646bc"
                    TAGREFS="LT11324"
                    BASELINE="118 3609 504 3586 754 3548 1606 3468" 
                    HPOS="117"
                    VPOS="3402"
                    WIDTH="1492"
                    HEIGHT="247">
            <Shape><Polygon POINTS="304 3623 318 3634 329 3643 332 3643 335 3643 338 3643 341 3643 344 3643 364 3629 378 3620 395 3626 424 3637 427 3637 430 3637 588 3623 590 3623 659 3603 711 3586 737 3594 765 3606 768 3606 771 3606 774 3606 777 3606 794 3589 811 3574 923 3566 937 3577 952 3589 955 3589 958 3589 960 3589 963 3589 966 3589 966 3586 983 3571 995 3560 1041 3566 1107 3574 1110 3574 1112 3574 1153 3557 1299 3557 1302 3557 1305 3557 1356 3537 1362 3534 1365 3534 1391 3548 1394 3548 1396 3548 1399 3548 1462 3526 1500 3514 1609 3514 1606 3468 1591 3402 1540 3422 1419 3422 1368 3422 1365 3422 1362 3422 1359 3422 1353 3428 1319 3454 1259 3440 1233 3434 1230 3434 1173 3440 1170 3440 1167 3440 1153 3451 1121 3471 1046 3462 989 3457 986 3457 983 3457 981 3457 981 3460 966 3471 946 3491 889 3494 820 3488 745 3480 742 3480 740 3480 676 3503 651 3514 642 3508 619 3491 616 3491 613 3491 610 3491 608 3491 605 3491 605 3494 582 3514 570 3526 395 3540 387 3537 372 3523 370 3523 367 3523 364 3523 361 3523 298 3546 286 3548 281 3548 209 3528 206 3528 203 3528 200 3528 197 3528 163 3560 117 3565 119 3649"/></Shape>
	    <String CONTENT="ostet (ast itmatiet, und dia hisgoe fumuli"
                    HPOS="117"
                    VPOS="3402"
                    WIDTH="1492"
                    HEIGHT="247"
                    WC="0.9122373745554969"></String>
          </TextLine>

          
          
          <TextLine ID="eSc_line_6eb3da29"
                    TAGREFS="LT11324"
                    BASELINE="157 3683 1041 3620 1586 3563" 
                    HPOS="152"
                    VPOS="3511"
                    WIDTH="1434"
                    HEIGHT="215">
            <Shape><Polygon POINTS="335 3726 338 3726 496 3709 499 3709 550 3683 553 3683 559 3683 656 3700 659 3700 662 3700 763 3666 768 3666 771 3666 828 3680 831 3680 834 3680 975 3649 978 3649 1021 3669 1024 3669 1026 3669 1135 3660 1138 3660 1141 3660 1141 3657 1161 3640 1296 3649 1299 3649 1302 3649 1305 3649 1333 3623 1353 3637 1356 3637 1359 3637 1362 3637 1365 3637 1368 3637 1405 3614 1408 3612 1586 3597 1586 3563 1580 3520 1468 3511 1465 3511 1462 3511 1356 3537 1322 3546 1302 3543 1270 3537 1267 3537 1264 3537 1224 3548 1199 3554 1187 3551 1150 3537 1147 3537 1144 3537 897 3571 892 3571 889 3571 797 3566 794 3566 791 3566 788 3566 768 3583 751 3591 697 3586 674 3586 671 3586 610 3594 438 3617 404 3609 375 3600 372 3600 370 3600 367 3600 341 3614 315 3629 152 3629 157 3683 157 3715"/></Shape>
	    <String CONTENT="uotguxpan. Dceeu sel non"
                    HPOS="152"
                    VPOS="3511"
                    WIDTH="1434"
                    HEIGHT="215"
                    WC="0.9025694876909256"></String>
          </TextLine>

          
          
          <TextLine ID="eSc_line_7b3cb581"
                    TAGREFS="LT11324"
                    BASELINE="160 3778 401 3761 467 3741 1540 3649" 
                    HPOS="154"
                    VPOS="3597"
                    WIDTH="1386"
                    HEIGHT="224">
            <Shape><Polygon POINTS="163 3821 467 3798 470 3798 473 3798 479 3792 501 3772 519 3781 522 3781 524 3781 527 3781 567 3763 754 3763 823 3763 823 3761 906 3746 1012 3726 1029 3732 1061 3746 1064 3746 1067 3746 1069 3746 1072 3746 1072 3743 1092 3726 1101 3718 1118 3723 1155 3735 1158 3735 1161 3735 1302 3726 1305 3726 1308 3726 1351 3698 1353 3698 1359 3698 1431 3709 1434 3709 1437 3709 1439 3709 1439 3706 1442 3706 1451 3695 1457 3698 1457 3700 1460 3700 1462 3700 1465 3700 1468 3700 1540 3677 1540 3649 1531 3597 1373 3620 1351 3612 1333 3606 1330 3606 1328 3606 1325 3606 1322 3606 1322 3609 1319 3609 1313 3617 1305 3629 1219 3634 1187 3629 1155 3620 1153 3620 1150 3620 1147 3620 1144 3620 1144 3623 1133 3634 1124 3643 1052 3649 1026 3643 992 3634 989 3634 986 3634 857 3646 854 3646 806 3663 780 3672 754 3669 694 3660 691 3660 688 3660 685 3660 685 3663 682 3663 671 3677 668 3680 619 3680 458 3680 456 3680 453 3680 450 3680 450 3683 447 3683 438 3698 436 3700 281 3715 272 3715 226 3700 223 3700 220 3700 218 3700 215 3700 215 3703 212 3703 197 3720 197 3723 154 3723 160 3778"/></Shape>
	    <String CONTENT="Miad  E ein langro 3uos, branst"
                    HPOS="154"
                    VPOS="3597"
                    WIDTH="1386"
                    HEIGHT="224"
                    WC="0.9067021512216137"></String>
          </TextLine>

          
          
          <TextLine ID="eSc_line_2369cf7d"
                    TAGREFS="LT11324"
                    BASELINE="157 3858 1557 3732" 
                    HPOS="152"
                    VPOS="3669"
                    WIDTH="1405"
                    HEIGHT="238">
            <Shape><Polygon POINTS="157 3884 203 3907 206 3907 209 3907 212 3907 269 3884 315 3901 318 3901 321 3901 324 3901 327 3901 327 3898 355 3870 387 3890 390 3890 392 3890 395 3890 398 3890 499 3855 513 3852 524 3855 567 3864 570 3864 573 3864 576 3864 576 3861 579 3861 588 3849 590 3847 596 3849 665 3870 668 3870 671 3870 674 3870 676 3870 722 3838 748 3847 751 3847 754 3847 757 3847 785 3832 800 3827 817 3829 886 3849 889 3849 892 3849 1067 3832 1069 3832 1072 3832 1107 3806 1121 3798 1150 3804 1167 3806 1170 3806 1173 3806 1187 3801 1213 3789 1224 3798 1236 3806 1239 3806 1242 3806 1244 3806 1247 3806 1279 3792 1310 3778 1557 3769 1557 3732 1551 3677 1485 3669 1482 3669 1480 3669 1477 3669 1477 3672 1460 3686 1451 3692 1422 3689 1353 3680 1351 3680 1348 3680 1345 3680 1322 3698 1313 3706 1224 3718 1135 3718 940 3718 937 3718 935 3718 932 3718 903 3738 897 3743 886 3741 846 3726 843 3726 840 3726 837 3726 785 3749 771 3755 722 3755 527 3755 524 3755 522 3755 467 3781 456 3786 152 3809 157 3858"/></Shape>
	    <String CONTENT="hemis geblas+6. Man sat in 12 stundus"
                    HPOS="152"
                    VPOS="3669"
                    WIDTH="1405"
                    HEIGHT="238"
                    WC="0.9689045451782845"></String>
          </TextLine>

          
          
          <TextLine ID="eSc_line_cde1de78"
                    TAGREFS="LT11324"
                    BASELINE="160 3941 1181 3861 1336 3827 1571 3812" 
                    HPOS="154"
                    VPOS="3769"
                    WIDTH="1417"
                    HEIGHT="221">
            <Shape><Polygon POINTS="166 3990 238 3958 283 3976 286 3976 289 3976 292 3976 447 3935 493 3956 496 3956 499 3956 501 3956 504 3956 504 3953 527 3933 590 3947 622 3953 625 3953 731 3944 734 3944 763 3930 785 3915 800 3924 814 3935 817 3935 820 3935 823 3935 826 3935 872 3918 909 3904 943 3910 1001 3921 1003 3921 1006 3921 1115 3892 1130 3890 1138 3890 1224 3904 1227 3904 1230 3904 1285 3875 1305 3864 1571 3844 1571 3812 1566 3769 1313 3769 1310 3769 1308 3769 1253 3795 1244 3798 1230 3798 1135 3784 1133 3784 1130 3784 1078 3809 1061 3818 1026 3815 975 3809 972 3809 969 3809 966 3809 966 3812 955 3821 949 3829 874 3832 860 3829 803 3812 800 3812 797 3812 717 3818 714 3818 711 3818 711 3821 682 3844 679 3849 633 3852 628 3849 588 3829 585 3829 582 3829 579 3829 576 3829 559 3844 507 3835 504 3835 501 3835 415 3867 413 3870 410 3870 372 3849 370 3849 367 3849 364 3849 361 3849 321 3875 318 3878 312 3878 281 3870 278 3870 275 3870 154 3890 160 3941"/></Shape>
	    <String CONTENT="50 tomnm Bolo gistettum aus 8 fllu lauus"
                    HPOS="154"
                    VPOS="3769"
                    WIDTH="1417"
                    HEIGHT="221"
                    WC="0.9508924335241318"></String>
          </TextLine>

          
          
          <TextLine ID="eSc_line_61592025"
                    TAGREFS="LT11324"
                    BASELINE="192 4007 585 3984 1617 3881" 
                    HPOS="189"
                    VPOS="3818"
                    WIDTH="1428"
                    HEIGHT="244">
            <Shape><Polygon POINTS="1540 3824 1537 3824 1534 3824 1497 3855 1417 3835 1414 3835 1411 3835 1408 3835 1405 3835 1345 3870 1155 3870 1153 3870 1150 3870 1147 3870 1121 3892 929 3910 872 3890 869 3890 866 3890 625 3938 539 3918 533 3918 530 3918 527 3918 524 3921 484 3941 456 3927 453 3927 450 3927 335 3938 332 3938 249 3970 189 3953 192 4007 197 4062 289 4036 332 4047 344 4050 347 4050 349 4050 522 4030 524 4030 527 4030 527 4027 530 4027 539 4013 633 4016 656 4016 659 4016 694 4010 800 3987 826 3996 846 4001 849 4001 851 4001 955 3993 1046 3973 1104 3958 1127 3964 1161 3973 1164 3973 1167 3973 1617 3910 1617 3881 1609 3818"/></Shape>
	    <String CONTENT="a b fllybrrit eu xsamia, aetraea mit 4 adro"
                    HPOS="189"
                    VPOS="3818"
                    WIDTH="1428"
                    HEIGHT="244"
                    WC="0.9432797563630481"></String>
          </TextLine>

          
          
          <TextLine ID="eSc_line_460a7a32"
                    TAGREFS="LT11324"
                    BASELINE="180 4105 312 4082 1273 3996 1632 3976" 
                    HPOS="174"
                    VPOS="3901"
                    WIDTH="1461"
                    HEIGHT="244">
            <Shape><Polygon POINTS="192 4145 209 4122 246 4139 258 4145 261 4145 263 4145 415 4133 418 4133 421 4133 430 4125 464 4102 547 4090 596 4113 608 4116 610 4116 613 4116 616 4116 631 4110 694 4073 811 4062 866 4090 872 4093 874 4093 877 4093 880 4093 883 4093 889 4087 955 4050 1032 4076 1038 4079 1041 4079 1044 4079 1046 4079 1049 4079 1049 4076 1052 4076 1090 4042 1319 4042 1322 4042 1325 4042 1328 4042 1328 4039 1356 4016 1425 4030 1428 4030 1431 4030 1503 4001 1551 4033 1554 4033 1557 4033 1560 4033 1635 4027 1632 3976 1620 3901 1500 3910 1497 3910 1494 3910 1494 3913 1491 3913 1482 3927 1425 3921 1405 3918 1402 3918 1399 3918 1396 3918 1391 3924 1356 3944 1193 3944 1101 3944 1098 3944 1095 3944 1052 3958 998 3976 912 3973 883 3973 880 3973 843 3978 768 3996 745 3990 705 3978 702 3978 699 3978 390 4027 341 4033 332 4033 283 4019 281 4019 278 4019 275 4019 174 4047 180 4105"/></Shape>
	    <String CONTENT="i Rlastren Golis. Dum Crantaersque treflas"
                    HPOS="174"
                    VPOS="3901"
                    WIDTH="1461"
                    HEIGHT="244"
                    WC="0.8793062596094041"></String>
          </TextLine>

          
          
          <TextLine ID="eSc_line_a1eac090"
                    TAGREFS="LT11324"
                    BASELINE="197 4171 1285 4079 1612 4064" 
                    HPOS="192"
                    VPOS="4004"
                    WIDTH="1420"
                    HEIGHT="218">
            <Shape><Polygon POINTS="197 4202 249 4222 252 4222 255 4222 258 4222 261 4222 261 4219 263 4219 278 4199 315 4193 341 4188 349 4191 378 4199 381 4199 384 4199 387 4199 390 4199 407 4188 418 4182 481 4182 570 4182 573 4182 625 4173 699 4159 748 4165 834 4176 837 4176 840 4176 917 4156 946 4148 978 4150 1038 4159 1041 4159 1044 4159 1046 4159 1046 4156 1049 4156 1055 4145 1064 4136 1081 4145 1104 4153 1107 4153 1110 4153 1190 4148 1193 4148 1196 4148 1196 4145 1204 4136 1216 4128 1299 4130 1365 4133 1368 4133 1371 4133 1388 4125 1442 4102 1609 4110 1612 4064 1606 4016 1546 4004 1543 4004 1540 4004 1457 4024 1365 4007 1362 4007 1359 4007 1287 4039 1224 4019 1221 4019 1219 4019 1150 4024 1147 4024 1144 4024 1092 4056 1021 4059 981 4039 978 4039 975 4039 972 4039 863 4070 843 4053 843 4050 840 4050 837 4050 834 4050 760 4056 682 4064 679 4064 676 4064 676 4067 651 4090 550 4085 547 4085 545 4085 507 4105 301 4119 272 4107 269 4107 266 4107 263 4107 192 4128 197 4171"/></Shape>
	    <String CONTENT="post mit ninem ducisirt Goab autgotioum"
                    HPOS="192"
                    VPOS="4004"
                    WIDTH="1420"
                    HEIGHT="218"
                    WC="0.9389647795603826"></String>
          </TextLine>

          
          
          <TextLine ID="eSc_line_7313da82"
                    TAGREFS="LT11324"
                    BASELINE="192 4265 616 4219 1376 4171 1543 4145" 
                    HPOS="186"
                    VPOS="4090"
                    WIDTH="1357"
                    HEIGHT="224">
            <Shape><Polygon POINTS="197 4314 306 4277 404 4294 410 4294 413 4294 415 4294 418 4294 418 4291 441 4268 481 4282 484 4282 487 4282 490 4282 493 4282 513 4265 570 4277 596 4282 599 4282 602 4282 605 4282 616 4274 642 4251 702 4262 705 4262 708 4262 768 4242 803 4254 811 4257 814 4257 817 4257 820 4257 823 4257 823 4254 826 4254 826 4251 834 4242 843 4251 849 4257 851 4257 854 4257 857 4257 860 4257 863 4257 874 4248 889 4234 920 4242 958 4254 960 4254 963 4254 966 4254 1024 4231 1052 4222 1081 4225 1155 4239 1158 4239 1161 4239 1164 4239 1193 4214 1201 4208 1216 4214 1264 4231 1267 4231 1270 4231 1273 4231 1308 4214 1451 4216 1454 4216 1457 4216 1543 4179 1543 4145 1534 4090 1405 4090 1402 4090 1399 4090 1396 4090 1396 4093 1385 4102 1362 4125 1333 4113 1330 4113 1328 4113 1325 4113 1287 4130 1250 4116 1221 4105 1219 4105 1216 4105 1213 4105 1210 4105 1210 4107 1193 4122 1173 4142 1084 4145 1067 4133 1067 4130 1064 4130 1061 4130 1058 4130 1055 4130 1041 4136 989 4156 828 4156 754 4156 751 4156 748 4156 728 4165 697 4176 676 4168 636 4153 633 4153 631 4153 364 4171 361 4171 358 4171 358 4173 327 4202 321 4208 186 4214 192 4265"/></Shape>
	    <String CONTENT="ciri obe da man 1 proviret est Z"
                    HPOS="186"
                    VPOS="4090"
                    WIDTH="1357"
                    HEIGHT="224"
                    WC="0.9398237839341164"></String>
          </TextLine>

          
          
          <TextLine ID="eSc_line_930bc8b4"
                    TAGREFS="LT11324"
                    BASELINE="240 4345 745 4291 1571 4245" 
                    HPOS="235"
                    VPOS="4191"
                    WIDTH="1336"
                    HEIGHT="200">
            <Shape><Polygon POINTS="240 4391 352 4386 355 4386 358 4386 358 4383 387 4357 421 4360 424 4360 427 4360 430 4360 450 4343 565 4343 599 4363 602 4363 605 4363 608 4363 610 4363 613 4363 613 4360 616 4360 639 4328 714 4325 742 4343 745 4343 748 4343 751 4343 754 4343 803 4320 834 4340 851 4351 854 4351 857 4351 860 4351 1041 4337 1044 4337 1046 4337 1075 4317 1107 4297 1127 4311 1130 4311 1133 4311 1135 4311 1267 4285 1310 4297 1328 4300 1330 4300 1333 4300 1336 4300 1339 4300 1348 4294 1362 4282 1371 4291 1382 4300 1385 4300 1388 4300 1391 4300 1394 4300 1396 4300 1414 4285 1422 4285 1500 4300 1503 4300 1505 4300 1571 4271 1571 4245 1563 4191 1345 4216 1330 4205 1313 4191 1310 4191 1308 4191 1305 4191 1302 4191 1299 4191 1299 4193 1296 4193 1287 4208 1285 4211 1267 4208 1187 4199 1184 4199 1181 4199 1178 4199 1155 4216 1133 4234 1032 4236 1012 4225 989 4214 986 4214 983 4214 981 4214 978 4214 958 4231 952 4231 900 4219 897 4219 651 4236 648 4236 610 4254 567 4274 415 4279 390 4268 367 4257 364 4257 361 4257 235 4277 240 4345"/></Shape>
	    <String CONTENT="tpsau, empus do pu ogaenit crxssius"
                    HPOS="235"
                    VPOS="4191"
                    WIDTH="1336"
                    HEIGHT="200"
                    WC="0.908714839390346"></String>
          </TextLine>

          
          
          <TextLine ID="eSc_line_49bd7cf4"
                    TAGREFS="LT11324"
                    BASELINE="131 4371 192 4360" 
                    HPOS="120"
                    VPOS="4285"
                    WIDTH="75"
                    HEIGHT="129">
            <Shape><Polygon POINTS="140 4414 195 4388 192 4360 174 4285 121 4290 120 4318 131 4371"/></Shape>
	    <String CONTENT="st"
                    HPOS="120"
                    VPOS="4285"
                    WIDTH="75"
                    HEIGHT="129"
                    WC="0.8672491312026978"></String>
          </TextLine>

          
          
          <TextLine ID="eSc_line_2f39128e"
                    TAGREFS="LT11324"
                    BASELINE="166 4443 547 4388 1571 4320" 
                    HPOS="160"
                    VPOS="4259"
                    WIDTH="1411"
                    HEIGHT="213">
            <Shape><Polygon POINTS="166 4469 315 4472 318 4472 321 4472 347 4457 358 4451 378 4454 413 4463 415 4463 418 4463 421 4463 421 4460 433 4451 458 4426 579 4417 691 4434 728 4440 731 4440 734 4440 757 4431 806 4408 906 4420 915 4420 917 4420 920 4420 923 4420 998 4386 1133 4397 1135 4397 1138 4397 1141 4397 1184 4371 1310 4394 1322 4394 1325 4394 1328 4394 1333 4391 1408 4354 1485 4380 1488 4380 1491 4380 1571 4374 1571 4320 1566 4274 1523 4259 1520 4259 1517 4259 1514 4259 1511 4259 1511 4262 1497 4277 1176 4277 1173 4277 1170 4277 1167 4277 1167 4279 1135 4308 1078 4285 1075 4285 1072 4285 1069 4285 1067 4285 1067 4288 1035 4317 880 4328 837 4331 834 4331 725 4311 722 4311 651 4317 648 4317 645 4317 645 4320 616 4345 582 4334 579 4334 576 4334 573 4334 570 4334 545 4351 522 4334 519 4334 516 4334 513 4334 510 4334 461 4360 392 4337 390 4337 387 4337 384 4337 381 4337 341 4371 160 4383 166 4443"/></Shape>
	    <String CONTENT="b tibl aus solse caniso horplis onsims um"
                    HPOS="160"
                    VPOS="4259"
                    WIDTH="1411"
                    HEIGHT="213"
                    WC="0.8892285140549264"></String>
          </TextLine>

          
          
          <TextLine ID="eSc_line_c36e1150"
                    TAGREFS="LT11324"
                    BASELINE="154 4520 917 4469 1591 4397" 
                    HPOS="149"
                    VPOS="4345"
                    WIDTH="1448"
                    HEIGHT="233">
            <Shape><Polygon POINTS="154 4563 220 4572 223 4572 226 4572 229 4572 229 4569 232 4569 238 4560 240 4555 413 4543 427 4549 476 4575 479 4575 481 4578 481 4575 484 4575 545 4543 582 4563 585 4563 588 4563 590 4563 593 4563 619 4543 654 4555 656 4555 659 4555 662 4555 665 4555 691 4535 717 4515 768 4512 797 4529 820 4543 823 4543 826 4543 828 4543 831 4543 834 4543 834 4540 849 4526 851 4520 860 4526 892 4540 894 4540 897 4540 1075 4529 1078 4529 1081 4529 1110 4512 1118 4506 1161 4509 1242 4515 1244 4515 1247 4515 1279 4503 1376 4460 1402 4483 1405 4483 1408 4483 1411 4483 1414 4483 1417 4483 1417 4480 1442 4457 1517 4489 1520 4489 1523 4489 1597 4483 1591 4397 1583 4345 1385 4371 1365 4363 1353 4357 1351 4357 1348 4357 1345 4357 1305 4368 1247 4383 1233 4374 1210 4357 1207 4357 1204 4357 1201 4357 1110 4363 975 4374 972 4374 923 4400 906 4408 886 4403 846 4391 843 4391 840 4391 837 4391 748 4414 691 4429 674 4420 642 4403 639 4403 636 4403 579 4408 576 4408 573 4408 547 4431 533 4443 501 4434 444 4420 441 4420 438 4420 436 4420 433 4420 407 4440 347 4431 344 4431 341 4431 338 4431 338 4434 321 4449 312 4460 295 4451 283 4449 281 4449 278 4449 149 4463 154 4520"/></Shape>
	    <String CONTENT="thatque bostro o dac Baleiso. R est ans"
                    HPOS="149"
                    VPOS="4345"
                    WIDTH="1448"
                    HEIGHT="233"
                    WC="0.8869653160755451"></String>
          </TextLine>

          
          
          <TextLine ID="eSc_line_7803e734"
                    TAGREFS="LT11324"
                    BASELINE="129 4618 806 4558" 
                    HPOS="126"
                    VPOS="4494"
                    WIDTH="680"
                    HEIGHT="175">
            <Shape><Polygon POINTS="129 4618 131 4669 218 4664 220 4664 223 4664 226 4661 263 4626 332 4623 381 4638 413 4649 415 4649 418 4649 421 4649 473 4626 516 4606 539 4618 576 4635 579 4635 582 4635 631 4629 633 4629 636 4629 636 4626 659 4603 760 4603 763 4603 765 4603 806 4580 806 4558 800 4515 748 4494 745 4494 742 4494 740 4494 613 4532 556 4520 553 4520 550 4520 470 4543 427 4523 424 4523 421 4523 418 4523 352 4555 278 4543 275 4543 272 4543 269 4543 269 4546 266 4546 255 4563 166 4546 163 4546 160 4546 157 4546 126 4569 126 4606"/></Shape>
	    <String CONTENT="dus ola in copia da"
                    HPOS="126"
                    VPOS="4494"
                    WIDTH="680"
                    HEIGHT="175"
                    WC="0.9496441138418097"></String>
          </TextLine>

          
          
          <TextLine ID="eSc_line_b95e9dc8"
                    TAGREFS="LT11324"
                    BASELINE="301 4695 998 4644" 
                    HPOS="295"
                    VPOS="4546"
                    WIDTH="703"
                    HEIGHT="201">
            <Shape><Polygon POINTS="493 4583 427 4618 413 4626 407 4621 398 4615 395 4615 392 4615 390 4615 295 4635 301 4695 306 4747 418 4709 559 4704 588 4718 596 4724 599 4724 602 4724 688 4718 691 4718 694 4718 694 4715 705 4707 711 4701 725 4704 763 4712 765 4712 768 4712 800 4698 831 4681 998 4675 998 4644 986 4546 920 4549 917 4549 915 4549 915 4552 909 4555 889 4578 837 4580 814 4566 806 4560 803 4560 800 4560 797 4560 794 4560 768 4575 757 4580 728 4580 656 4580 654 4580 651 4580 648 4580 633 4592 602 4615 570 4615 550 4603 522 4580 522 4583"/></Shape>
	    <String CONTENT="dis Reobeaso id"
                    HPOS="295"
                    VPOS="4546"
                    WIDTH="703"
                    HEIGHT="201"
                    WC="0.8620527764161428"></String>
          </TextLine>

          
        </TextBlock>
        
        <TextBlock HPOS="1634"
                   VPOS="129"
                   WIDTH="1558"
                   HEIGHT="3796"
                   ID="r1"
                   TAGREFS="BT27325">
          <Shape><Polygon POINTS="1880 190 1740 341 1702 602 1698 858 1727 1051 1679 1184 1734 1315 1682 1471 1682 1817 1682 1955 1675 2160 1635 2326 1665 2577 1671 2733 1693 2925 1637 3162 1658 3398 1670 3581 1634 3650 1656 3797 1672 3908 1823 3925 2025 3918 2456 3878 2744 3867 3002 3778 3086 3719 3120 3542 3182 3493 3157 3408 3163 3054 3150 2917 3173 2821 3153 2782 3172 2668 3122 2499 3157 2261 3187 2192 3114 1946 3186 1815 3162 1640 3111 1475 3164 1306 3170 1121 3167 836 3135 653 3184 504 3192 310 3101 157 2949 129 2667 129 2287 155"/></Shape>
          
          
          <TextLine ID="eSc_line_724be381"
                    TAGREFS="LT11324"
                    BASELINE="1875 266 3115 217" 
                    HPOS="1870"
                    VPOS="137"
                    WIDTH="1245"
                    HEIGHT="178">
            <Shape><Polygon POINTS="2997 140 2971 166 2885 169 2799 169 2782 151 2765 137 2759 137 2730 137 2702 137 2687 137 2684 137 2682 137 2656 157 2653 157 2633 140 2630 140 2627 140 2624 140 2621 140 2618 140 2587 160 2529 143 2527 143 2524 143 2521 143 2518 143 2481 166 2446 186 2403 172 2400 172 2398 172 2395 172 2234 194 2208 180 2181 164 1993 180 1984 186 1978 182 1880 190 1880 190 1870 200 1875 266 1878 315 1979 280 2082 306 2091 306 2093 306 2214 301 2217 301 2220 301 2223 298 2263 266 2311 263 2478 260 2564 280 2578 283 2581 283 2584 283 2593 280 2621 263 2670 275 2693 280 2696 280 2699 280 2702 280 2736 272 2805 255 2854 266 2894 275 2897 275 2900 275 2902 275 2920 263 2954 243 3109 252 3115 217 3110 172 3101 157 2999 138"/></Shape>
	    <String CONTENT="Din ateturd fdteu temma odod"
                    HPOS="1870"
                    VPOS="137"
                    WIDTH="1245"
                    HEIGHT="178"
                    WC="0.867969423532486"></String>
          </TextLine>

          
          
          <TextLine ID="eSc_line_8e0b1736"
                    TAGREFS="LT11324"
                    BASELINE="1764 404 2096 366 3083 315" 
                    HPOS="1755"
                    VPOS="237"
                    WIDTH="1328"
                    HEIGHT="207">
            <Shape><Polygon POINTS="1766 444 1875 421 1896 435 1898 435 1901 435 1904 435 2056 427 2059 427 2073 421 2114 398 2137 415 2142 421 2145 421 2148 421 2151 421 2154 421 2182 412 2257 384 2380 381 2406 392 2406 395 2409 395 2412 395 2415 395 2418 395 2429 392 2481 375 2509 387 2544 398 2547 398 2550 398 2552 398 2601 378 2604 378 2636 392 2638 392 2641 392 2765 384 2768 384 2770 384 2770 381 2791 364 2799 355 2816 361 2865 375 2868 375 2871 375 2874 375 2877 375 2877 372 2897 355 2897 352 3083 338 3083 315 3074 246 3043 237 3040 237 3037 237 3034 237 2965 255 2920 269 2638 283 2613 278 2544 263 2541 263 2538 263 2489 286 2484 289 2481 286 2461 269 2458 269 2455 269 2452 269 2449 269 2446 269 2420 292 2412 295 2395 292 2303 278 2300 278 2297 278 2217 303 2200 309 2191 306 2154 286 2151 286 2148 286 2145 286 2085 306 2005 295 2002 295 1999 295 1953 321 1930 301 1927 301 1924 301 1921 301 1919 301 1916 301 1887 321 1861 303 1858 303 1855 303 1853 303 1850 303 1755 332 1764 404"/></Shape>
	    <String CONTENT="Tre de duns sustign jaspis sb"
                    HPOS="1755"
                    VPOS="237"
                    WIDTH="1328"
                    HEIGHT="207"
                    WC="0.9447714665840412"></String>
          </TextLine>

          
          
          <TextLine ID="eSc_line_3cb3899e"
                    TAGREFS="LT11324"
                    BASELINE="1772 493 1976 470 3120 415" 
                    HPOS="1766"
                    VPOS="361"
                    WIDTH="1354"
                    HEIGHT="163">
            <Shape><Polygon POINTS="1772 524 1847 521 1850 521 1853 521 1881 498 1933 518 1936 518 1939 518 1941 518 1944 518 1947 518 2005 487 2151 504 2174 507 2177 507 2214 504 2217 504 2220 504 2220 501 2223 501 2240 478 2277 498 2289 501 2291 501 2294 501 2297 501 2300 501 2309 495 2352 470 2392 490 2403 495 2406 495 2409 495 2412 495 2429 487 2484 464 2587 478 2636 484 2638 484 2641 484 2661 473 2702 452 2756 467 2788 475 2791 475 2793 475 2796 475 2799 475 2816 464 2834 452 2856 461 2874 467 2877 467 2879 467 2882 467 2911 458 2957 444 3118 444 3120 415 3112 361 2986 378 2945 366 2931 364 2928 364 2925 364 2750 369 2747 369 2725 378 2687 392 2636 381 2610 378 2607 378 2604 378 2590 384 2558 398 2509 387 2498 387 2495 387 2469 389 2349 409 2289 398 2283 398 2280 398 2263 398 2114 421 2036 409 2005 407 2002 407 1953 415 1827 435 1766 424 1772 493"/></Shape>
	    <String CONTENT="der se frango sin Agthe piental unum"
                    HPOS="1766"
                    VPOS="361"
                    WIDTH="1354"
                    HEIGHT="163"
                    WC="0.9530346443255743"></String>
          </TextLine>

          
          
          <TextLine ID="eSc_line_6f65643f"
                    TAGREFS="LT11324"
                    BASELINE="1778 559 2920 490 3185 485" 
                    HPOS="1772"
                    VPOS="421"
                    WIDTH="1415"
                    HEIGHT="181">
            <Shape><Polygon POINTS="1778 584 1919 602 1921 602 1924 602 2007 576 2030 570 2062 573 2174 587 2177 587 2277 564 2326 553 2346 561 2375 573 2377 573 2380 573 2573 564 2575 564 2621 550 2673 533 2727 544 2770 553 2773 553 2776 553 2779 553 2796 541 2822 527 2879 538 2914 544 2917 544 2920 544 2922 544 2922 541 2928 536 2948 518 3020 533 3031 533 3034 533 3049 530 3166 504 3181 512 3184 504 3187 436 3120 438 3092 421 3089 421 3086 421 3083 421 3080 421 3011 444 2940 432 2937 432 2934 432 2931 432 2911 450 2825 435 2822 435 2819 435 2816 435 2791 455 2725 441 2722 441 2719 441 2670 464 2527 452 2524 452 2521 452 2472 475 2375 464 2372 464 2369 464 2366 464 2343 481 2228 475 2225 475 2223 475 2174 493 2010 484 2007 484 2005 484 1921 507 1855 493 1853 493 1850 493 1772 516 1778 559"/></Shape>
	    <String CONTENT="d insto canit on durstdus su Aujustus"
                    HPOS="1772"
                    VPOS="421"
                    WIDTH="1415"
                    HEIGHT="181"
                    WC="0.9357653195793564"></String>
          </TextLine>

          
          
          <TextLine ID="eSc_line_e3bc2910"
                    TAGREFS="LT11324"
                    BASELINE="1752 630 2309 616 3086 559" 
                    HPOS="1746"
                    VPOS="504"
                    WIDTH="1340"
                    HEIGHT="189">
            <Shape><Polygon POINTS="1758 693 1853 662 1936 682 1950 685 1953 685 1984 679 2159 645 2217 653 2220 653 2223 653 2251 639 2286 659 2291 665 2294 665 2297 665 2300 665 2443 656 2446 656 2472 647 2550 622 2604 639 2618 645 2621 645 2624 645 2627 645 2644 636 2679 622 2719 633 2736 636 2739 636 2742 636 2782 627 2905 602 2971 616 3003 622 3006 622 3086 607 3086 559 3080 518 2874 527 2868 524 2842 504 2839 504 2836 504 2834 504 2831 504 2828 504 2796 527 2776 541 2730 541 2719 530 2702 516 2702 513 2699 513 2696 513 2693 513 2633 516 2630 516 2627 516 2598 536 2575 550 2507 541 2504 541 2501 541 2498 541 2478 556 2363 544 2289 536 2286 536 2283 536 2280 536 2266 547 2231 570 2119 556 2116 556 2114 556 2045 579 1967 559 1964 559 1962 559 1959 559 1956 559 1956 561 1924 587 1746 567 1752 630"/></Shape>
	    <String CONTENT="at psosu alda orsum. sud une ubirs"
                    HPOS="1746"
                    VPOS="504"
                    WIDTH="1340"
                    HEIGHT="189"
                    WC="0.9548421572236454"></String>
          </TextLine>

          
          
          <TextLine ID="eSc_line_4b9d75ea"
                    TAGREFS="LT11324"
                    BASELINE="1741 733 3043 645" 
                    HPOS="1735"
                    VPOS="576"
                    WIDTH="1308"
                    HEIGHT="200">
            <Shape><Polygon POINTS="1741 765 1847 776 1850 776 1976 751 1999 748 2030 748 2202 753 2205 753 2317 731 2340 725 2355 728 2412 739 2415 739 2567 728 2570 728 2573 728 2590 713 2598 705 2710 699 2722 705 2739 716 2742 716 2745 716 2747 716 2750 716 2782 699 2793 693 2831 696 2914 705 2917 705 3043 682 3043 645 3031 576 2922 604 2868 587 2865 587 2862 587 2859 587 2770 622 2713 622 2684 602 2682 602 2679 602 2676 602 2673 602 2670 602 2636 630 2521 639 2234 653 2191 633 2188 633 2185 633 2099 639 2096 639 2093 639 2056 667 2030 650 2028 650 2025 650 2022 650 2019 650 1964 673 1907 653 1904 653 1901 653 1898 653 1821 673 1735 665 1741 733"/></Shape>
	    <String CONTENT="laistio mt onm arg steri"
                    HPOS="1735"
                    VPOS="576"
                    WIDTH="1308"
                    HEIGHT="200"
                    WC="0.8530132497350374"></String>
          </TextLine>

          
          
          <TextLine ID="eSc_line_507f2596"
                    TAGREFS="LT11324"
                    BASELINE="1723 828 3083 739" 
                    HPOS="1718"
                    VPOS="665"
                    WIDTH="1365"
                    HEIGHT="203">
            <Shape><Polygon POINTS="1729 868 1855 834 1887 857 1893 860 1896 860 1898 860 1901 860 2013 851 2016 851 2030 842 2079 819 2131 834 2157 842 2159 842 2162 842 2165 842 2191 831 2211 819 2220 828 2231 837 2234 837 2237 837 2240 837 2243 837 2283 822 2300 817 2357 817 2486 817 2489 817 2492 817 2495 817 2509 802 2524 791 2555 799 2575 805 2578 805 2581 805 2584 805 2587 805 2587 802 2590 802 2593 796 2604 785 2624 794 2633 796 2636 796 2638 796 2673 791 2719 779 2730 785 2770 802 2773 802 2776 802 2779 802 2828 776 2839 771 2851 774 2902 794 2905 794 2908 794 2911 794 2914 794 2951 765 2960 759 3083 753 3083 739 3074 665 2730 716 2690 696 2676 690 2673 690 2670 690 2598 693 2595 693 2558 710 2509 733 2423 736 2274 733 2030 731 2028 731 2025 731 2022 731 2022 733 1990 759 1987 765 1941 768 1924 765 1810 745 1807 745 1804 745 1718 779 1723 828"/></Shape>
	    <String CONTENT="erti horbandor ganque ib jaesi caenit grsi,"
                    HPOS="1718"
                    VPOS="665"
                    WIDTH="1365"
                    HEIGHT="203"
                    WC="0.9296753759994063"></String>
          </TextLine>

          
          
          <TextLine ID="eSc_line_e14cb221"
                    TAGREFS="LT11324"
                    BASELINE="1761 905 3140 817" 
                    HPOS="1755"
                    VPOS="742"
                    WIDTH="1385"
                    HEIGHT="198">
            <Shape><Polygon POINTS="1761 923 1913 917 1916 917 1970 940 1973 940 1976 940 1979 940 2111 905 2122 903 2128 903 2202 923 2205 923 2208 923 2340 917 2343 917 2346 917 2375 897 2472 908 2475 908 2770 862 2793 860 2805 860 2963 877 2965 877 3140 837 3140 817 3132 742 2945 753 2943 753 2940 753 2940 756 2911 785 2828 774 2825 774 2822 774 2819 774 2785 796 2518 811 2455 791 2438 785 2435 785 2432 785 2429 785 2412 794 2380 808 2369 796 2366 794 2363 794 2360 794 2357 794 2286 799 2283 799 2280 799 2280 802 2277 802 2260 822 2228 805 2214 799 2211 799 2208 799 2205 799 2202 799 2202 802 2200 802 2194 808 2185 819 2145 814 2114 808 2111 808 2108 808 2088 817 2028 845 1936 848 1898 831 1878 822 1875 822 1873 822 1870 822 1867 822 1850 834 1827 848 1755 842 1761 905"/></Shape>
	    <String CONTENT="Chaulis inigorm Biob.arbob. fb sud"
                    HPOS="1755"
                    VPOS="742"
                    WIDTH="1385"
                    HEIGHT="198"
                    WC="0.9400200002333697"></String>
          </TextLine>

          
          
          <TextLine ID="eSc_line_027e0861"
                    TAGREFS="LT11324"
                    BASELINE="1766 997 2248 954 3152 903" 
                    HPOS="1758"
                    VPOS="842"
                    WIDTH="1394"
                    HEIGHT="192">
            <Shape><Polygon POINTS="1766 1034 1907 1026 1910 1026 1913 1026 1953 1003 2234 1003 2283 1003 2286 1003 2289 1003 2297 1000 2349 977 2469 986 2512 989 2515 989 2518 989 2532 983 2573 963 2656 971 2704 977 2707 977 2819 968 2822 968 2825 968 2825 966 2834 960 2851 946 2888 954 2925 963 2928 963 3152 934 3152 903 3146 842 3069 842 3066 842 3063 842 3052 848 3017 865 2991 854 2988 854 2986 854 2874 868 2862 860 2851 851 2848 851 2845 851 2842 851 2664 862 2661 862 2659 862 2641 874 2616 891 2575 880 2555 874 2552 874 2550 874 2547 874 2512 882 2441 903 2415 891 2412 891 2409 891 2406 891 2251 914 2211 903 2177 894 2174 894 2171 894 2168 894 2128 908 2079 925 2036 914 1993 905 1990 905 1987 905 1947 920 1904 937 1884 925 1878 920 1875 920 1873 920 1870 920 1867 920 1864 920 1855 925 1841 940 1818 928 1798 920 1795 920 1792 920 1789 920 1758 931 1766 997"/></Shape>
	    <String CONTENT="datim 3 Sarben gememigliis,  uutro"
                    HPOS="1758"
                    VPOS="842"
                    WIDTH="1394"
                    HEIGHT="192"
                    WC="0.9715654569513658"></String>
          </TextLine>

          
          
          <TextLine ID="eSc_line_dcba431c"
                    TAGREFS="LT11324"
                    BASELINE="1746 1083 3103 977" 
                    HPOS="1741"
                    VPOS="914"
                    WIDTH="1362"
                    HEIGHT="209">
            <Shape><Polygon POINTS="1746 1115 1930 1123 1933 1123 2096 1109 2099 1109 2102 1109 2102 1106 2122 1086 2125 1086 2128 1086 2191 1097 2194 1097 2271 1080 2291 1095 2294 1095 2297 1095 2300 1095 2303 1095 2372 1069 2389 1086 2392 1086 2395 1086 2398 1086 2486 1066 2515 1077 2518 1077 2521 1077 2524 1077 2590 1052 2595 1049 2610 1049 2756 1057 2759 1057 2762 1057 2842 1032 2851 1029 2859 1029 2920 1037 2922 1037 3103 1009 3103 977 3092 914 2977 943 2897 931 2871 928 2868 928 2865 928 2848 934 2793 960 2716 963 2699 948 2696 948 2693 948 2690 948 2687 948 2684 948 2684 951 2670 963 2659 954 2656 954 2653 954 2650 954 2647 954 2515 977 2492 968 2472 960 2469 960 2466 960 2464 960 2438 971 2412 986 2386 977 2360 968 2357 968 2355 968 2352 968 2349 968 2332 983 2314 994 2268 989 2211 980 2208 980 1999 1003 1996 1003 1993 1003 1982 1014 1973 1020 1953 1017 1896 1006 1893 1006 1741 1034 1746 1083"/></Shape>
	    <String CONTENT="tiadeisus spineen. Ntam blansistarts"
                    HPOS="1741"
                    VPOS="914"
                    WIDTH="1362"
                    HEIGHT="209"
                    WC="0.9315557835830582"></String>
          </TextLine>

          
          
          <TextLine ID="eSc_line_0cae668b"
                    TAGREFS="LT11324"
                    BASELINE="1729 1163 2076 1146 3112 1052" 
                    HPOS="1723"
                    VPOS="994"
                    WIDTH="1389"
                    HEIGHT="230">
            <Shape><Polygon POINTS="1735 1224 1830 1195 1858 1209 1861 1209 1864 1209 1867 1209 1987 1201 1990 1201 1993 1201 1993 1198 1996 1198 2005 1183 2093 1186 2119 1186 2122 1186 2125 1186 2142 1181 2228 1155 2326 1163 2389 1166 2392 1166 2638 1129 2791 1106 2808 1112 2848 1126 2851 1126 2854 1126 2856 1126 2937 1097 2954 1089 3112 1077 3112 1052 3100 994 2988 1023 2940 1009 2937 1009 2934 1009 2931 1009 2928 1009 2925 1009 2862 1034 2725 1029 2707 1029 2704 1029 2702 1029 2699 1029 2699 1032 2684 1043 2630 1037 2618 1037 2616 1037 2613 1037 2610 1037 2610 1040 2607 1040 2598 1054 2578 1043 2575 1040 2573 1040 2570 1040 2567 1040 2564 1040 2561 1040 2558 1043 2529 1063 2489 1052 2481 1049 2478 1049 2475 1049 2472 1049 2469 1049 2464 1052 2432 1072 2375 1063 2372 1063 2369 1063 2323 1080 2289 1069 2277 1066 2274 1066 2271 1066 2268 1066 2266 1066 2257 1072 2225 1092 2030 1106 2005 1095 1993 1092 1990 1092 1987 1092 1984 1092 1970 1097 1936 1118 1723 1120 1729 1163"/></Shape>
	    <String CONTENT="diom Amethysst, rots est cornaliue i"
                    HPOS="1723"
                    VPOS="994"
                    WIDTH="1389"
                    HEIGHT="230"
                    WC="0.9681867741876178"></String>
          </TextLine>

          
          
          <TextLine ID="eSc_line_4006abc6"
                    TAGREFS="LT11324"
                    BASELINE="1732 1249 2010 1238 2469 1186" 
                    HPOS="1726"
                    VPOS="1123"
                    WIDTH="746"
                    HEIGHT="198">
            <Shape><Polygon POINTS="1735 1292 1824 1321 1827 1321 1830 1321 1950 1310 1953 1310 1956 1310 2016 1264 2068 1281 2071 1281 2073 1281 2076 1281 2139 1255 2280 1275 2283 1275 2286 1275 2383 1229 2438 1241 2441 1241 2443 1241 2446 1241 2472 1221 2469 1186 2458 1123 2383 1149 2294 1140 2277 1140 2274 1140 2271 1140 2268 1140 2263 1143 2231 1163 2171 1155 2145 1152 2142 1152 2139 1152 2137 1152 2128 1161 2105 1175 2042 1169 2028 1169 2025 1169 1999 1175 1924 1192 1913 1183 1901 1175 1898 1175 1896 1175 1893 1175 1890 1175 1850 1192 1824 1204 1726 1204 1732 1249"/></Shape>
	    <String CONTENT="aenist est (Maleedonin"
                    HPOS="1726"
                    VPOS="1123"
                    WIDTH="746"
                    HEIGHT="198"
                    WC="0.9187300963835283"></String>
          </TextLine>

          
          
          <TextLine ID="eSc_line_66ec7ac8"
                    TAGREFS="LT11324"
                    BASELINE="1844 1353 2753 1272 3132 1252" 
                    HPOS="1832"
                    VPOS="1172"
                    WIDTH="1300"
                    HEIGHT="226">
            <Shape><Polygon POINTS="1844 1387 1913 1398 1916 1398 1919 1398 2010 1376 2053 1364 2073 1370 2093 1376 2096 1376 2099 1376 2194 1361 2274 1347 2289 1353 2314 1364 2317 1364 2320 1364 2323 1364 2355 1347 2372 1338 2392 1344 2426 1355 2429 1355 2432 1355 2435 1355 2501 1335 2541 1321 2633 1318 2647 1324 2670 1335 2673 1335 2676 1335 2874 1315 2877 1315 2879 1315 2879 1312 2882 1312 2888 1304 2897 1292 3132 1284 3132 1252 3123 1201 3049 1204 3046 1204 3009 1172 3006 1172 3003 1172 3000 1172 2796 1215 2702 1198 2699 1198 2696 1198 2613 1226 2567 1244 2509 1235 2507 1235 2504 1235 2452 1252 2412 1238 2366 1224 2363 1224 2360 1224 2357 1224 2300 1244 2225 1272 2159 1252 2128 1244 2125 1244 2122 1244 2119 1244 2093 1258 2028 1290 1919 1298 1875 1269 1875 1267 1873 1267 1870 1267 1867 1267 1832 1269 1844 1353"/></Shape>
	    <String CONTENT="dab seraum glac ob nas staris homuns"
                    HPOS="1832"
                    VPOS="1172"
                    WIDTH="1300"
                    HEIGHT="226"
                    WC="0.893533743917942"></String>
          </TextLine>

          
          
          <TextLine ID="eSc_line_a79390a1"
                    TAGREFS="LT11324"
                    BASELINE="1726 1441 3129 1335" 
                    HPOS="1718"
                    VPOS="1267"
                    WIDTH="1411"
                    HEIGHT="220">
            <Shape><Polygon POINTS="1729 1487 1870 1487 1870 1484 1873 1484 1875 1484 1875 1482 1884 1473 1896 1462 1916 1470 1941 1479 1944 1479 1947 1479 1950 1479 1953 1479 1953 1476 1967 1464 1979 1453 2071 1447 2102 1453 2131 1462 2134 1462 2137 1462 2139 1462 2165 1450 2188 1439 2240 1441 2332 1450 2334 1450 2337 1450 2380 1430 2398 1424 2418 1427 2484 1439 2486 1439 2544 1433 2547 1433 2550 1433 2550 1430 2567 1416 2573 1410 2601 1413 2713 1421 2716 1421 2719 1421 2722 1421 2722 1419 2725 1419 2739 1401 2739 1398 2745 1398 2779 1407 2782 1407 2785 1407 2788 1407 2788 1404 2791 1404 2796 1396 2799 1393 2811 1396 2900 1407 2902 1407 2905 1407 2908 1407 2908 1404 2911 1404 2925 1384 2928 1381 3031 1376 3052 1376 3074 1390 3077 1390 3080 1390 3083 1390 3086 1390 3129 1367 3129 1335 3109 1267 3086 1298 3034 1298 3003 1275 3000 1269 2997 1269 2994 1269 2954 1269 2951 1269 2948 1269 2922 1278 2834 1315 2733 1310 2730 1310 2727 1310 2693 1324 2644 1298 2638 1295 2636 1295 2633 1295 2578 1298 2575 1298 2558 1304 2455 1344 2346 1333 2343 1333 2228 1353 2208 1338 2205 1338 2202 1338 2200 1338 2197 1338 2079 1373 2028 1355 2025 1355 2022 1355 2019 1355 1913 1384 1832 1355 1830 1355 1827 1355 1719 1361 1718 1363 1726 1441"/></Shape>
	    <String CONTENT="ist, psuis in diametro Homberus maist damus"
                    HPOS="1718"
                    VPOS="1267"
                    WIDTH="1411"
                    HEIGHT="220"
                    WC="0.9834252401839855"></String>
          </TextLine>

          
          
          <TextLine ID="eSc_line_cb8199cc"
                    TAGREFS="LT11324"
                    BASELINE="1715 1527 3054 1419" 
                    HPOS="1709"
                    VPOS="1353"
                    WIDTH="1345"
                    HEIGHT="217">
            <Shape><Polygon POINTS="1718 1570 1830 1548 1887 1559 1927 1565 1930 1565 2025 1556 2028 1556 2030 1556 2030 1553 2045 1542 2056 1530 2073 1539 2082 1545 2085 1545 2088 1545 2091 1545 2128 1536 2177 1522 2205 1527 2234 1533 2237 1533 2343 1513 2461 1493 2501 1499 2581 1510 2584 1510 2587 1510 2673 1482 2693 1476 2704 1479 2742 1496 2745 1496 2747 1496 2845 1490 2848 1490 2851 1490 2891 1464 2937 1473 2940 1473 3054 1444 3054 1419 3040 1353 3011 1376 2934 1361 2922 1361 2920 1361 2917 1361 2914 1361 2914 1364 2911 1364 2894 1387 2802 1393 2750 1376 2745 1376 2742 1376 2739 1376 2736 1376 2727 1378 2667 1404 2610 1387 2604 1387 2601 1387 2598 1387 2595 1387 2587 1390 2524 1416 2375 1407 2357 1407 2355 1407 2352 1407 2349 1407 2349 1410 2329 1427 2214 1421 2211 1421 2208 1421 2139 1447 2079 1430 2073 1430 2071 1430 2068 1430 1967 1439 1964 1439 1962 1439 1930 1462 1907 1444 1904 1444 1901 1444 1898 1444 1896 1444 1893 1444 1853 1470 1709 1462 1715 1527"/></Shape>
	    <String CONTENT="horcluse Experimenta, untrandius sat von"
                    HPOS="1709"
                    VPOS="1353"
                    WIDTH="1345"
                    HEIGHT="217"
                    WC="0.8934431783854961"></String>
          </TextLine>

          
          
          <TextLine ID="eSc_line_51378ef7"
                    TAGREFS="LT11324"
                    BASELINE="1729 1599 2191 1573 2484 1536 3017 1490" 
                    HPOS="1723"
                    VPOS="1456"
                    WIDTH="1294"
                    HEIGHT="195">
            <Shape><Polygon POINTS="1732 1651 1944 1636 1947 1636 1950 1636 1959 1631 1979 1616 1990 1628 1993 1631 1996 1631 1999 1631 2002 1631 2005 1631 2007 1631 2007 1628 2013 1625 2033 1608 2134 1611 2137 1611 2139 1611 2142 1611 2174 1582 2205 1605 2220 1613 2223 1613 2225 1613 2228 1613 2231 1613 2260 1599 2274 1591 2294 1593 2317 1599 2320 1599 2650 1562 2653 1562 2656 1562 2664 1556 2690 1533 3017 1516 3017 1490 3011 1456 2326 1490 2191 1522 2185 1522 2182 1522 2099 1513 2096 1513 2093 1513 2091 1513 2091 1516 2073 1530 2073 1533 1904 1545 1901 1545 1835 1530 1832 1530 1830 1530 1723 1559 1729 1599"/></Shape>
	    <String CONTENT="geld genotum un loma  it in"
                    HPOS="1723"
                    VPOS="1456"
                    WIDTH="1294"
                    HEIGHT="195"
                    WC="0.93869271101775"></String>
          </TextLine>

          
          
          <TextLine ID="eSc_line_aae90e9b"
                    TAGREFS="LT11324"
                    BASELINE="1732 1679 2383 1642" 
                    HPOS="1729"
                    VPOS="1585"
                    WIDTH="654"
                    HEIGHT="149">
            <Shape><Polygon POINTS="2142 1711 2148 1705 2159 1688 2248 1697 2294 1699 2306 1699 2334 1697 2346 1694 2383 1685 2383 1642 2375 1585 2225 1616 2128 1619 2085 1599 2082 1599 2079 1599 2076 1599 2073 1599 2062 1602 1973 1628 1830 1616 1821 1616 1818 1616 1815 1616 1812 1616 1772 1639 1729 1622 1732 1679 1735 1734 1818 1731 1821 1731 1830 1728 1884 1702 1950 1717 1953 1717 1956 1717 1959 1717 1979 1699 2013 1714 2028 1720 2030 1720 2033 1720 2036 1720 2053 1711 2088 1694 2114 1708 2128 1714 2131 1714 2134 1714 2139 1711"/></Shape>
	    <String CONTENT="foeo gesaltam s"
                    HPOS="1729"
                    VPOS="1585"
                    WIDTH="654"
                    HEIGHT="149"
                    WC="0.9892631491025289"></String>
          </TextLine>

          
          
          <TextLine ID="eSc_line_8296551b"
                    TAGREFS="LT11324"
                    BASELINE="2458 1619 3052 1562" 
                    HPOS="2452"
                    VPOS="1505"
                    WIDTH="600"
                    HEIGHT="160">
            <Shape><Polygon POINTS="2928 1530 2891 1516 2888 1516 2885 1516 2882 1516 2879 1516 2874 1519 2839 1536 2793 1527 2782 1525 2779 1525 2776 1525 2768 1527 2722 1550 2690 1536 2687 1536 2684 1536 2682 1536 2679 1536 2630 1559 2452 1559 2458 1619 2464 1665 2552 1636 2630 1645 2647 1645 2650 1645 2653 1645 2664 1639 2690 1625 2707 1634 2722 1639 2725 1639 2727 1639 3052 1588 3052 1562 3043 1505"/></Shape>
	    <String CONTENT="sat rostlis taeas"
                    HPOS="2452"
                    VPOS="1505"
                    WIDTH="600"
                    HEIGHT="160"
                    WC="0.9714197656687569"></String>
          </TextLine>

          
          
          <TextLine ID="eSc_line_80ddba30"
                    TAGREFS="LT11324"
                    BASELINE="1715 1760 2819 1654 3092 1636" 
                    HPOS="1709"
                    VPOS="1579"
                    WIDTH="1386"
                    HEIGHT="221">
            <Shape><Polygon POINTS="1715 1783 1810 1800 1812 1800 1815 1800 1818 1800 1855 1774 1956 1785 1959 1785 1962 1785 2050 1757 2085 1748 2114 1754 2142 1757 2145 1757 2148 1757 2177 1748 2211 1737 2228 1745 2254 1757 2257 1757 2260 1757 2263 1757 2340 1737 2369 1728 2383 1731 2415 1742 2418 1742 2420 1742 2423 1742 2466 1725 2507 1711 2544 1720 2564 1725 2567 1725 2570 1725 2716 1714 2719 1714 2745 1705 2816 1679 3095 1679 3092 1636 3083 1579 1709 1717 1715 1760"/></Shape>
	    <String CONTENT="glaso haben, danus junur maso d curso,"
                    HPOS="1709"
                    VPOS="1579"
                    WIDTH="1386"
                    HEIGHT="221"
                    WC="0.9677938128772535"></String>
          </TextLine>

          
          
          <TextLine ID="eSc_line_2ada4ec1"
                    TAGREFS="LT11324"
                    BASELINE="1712 1826 1953 1817 2380 1765 3020 1711" 
                    HPOS="1706"
                    VPOS="1651"
                    WIDTH="1314"
                    HEIGHT="223">
            <Shape><Polygon POINTS="2891 1651 2859 1665 2845 1671 2831 1668 2805 1659 2802 1659 2799 1659 2796 1659 2759 1674 2702 1697 2423 1720 2398 1702 2395 1702 2392 1702 2389 1702 2386 1702 2377 1705 2260 1734 2225 1717 2220 1714 2208 1714 2197 1720 2154 1734 2119 1725 2108 1722 2105 1722 2093 1722 2091 1728 2065 1745 2045 1737 2042 1737 2039 1737 2036 1737 1944 1763 1864 1748 1861 1748 1858 1748 1855 1748 1818 1774 1706 1760 1712 1826 1715 1857 1744 1874 1746 1874 1749 1874 2030 1849 2033 1849 2091 1823 2099 1820 2105 1823 2151 1837 2154 1837 2157 1837 2159 1837 2263 1808 2289 1803 2306 1806 2372 1817 2375 1817 2377 1817 2415 1797 2423 1794 2452 1794 2544 1794 2547 1794 2550 1794 2552 1794 2564 1783 2575 1777 2595 1783 2613 1785 2616 1785 2618 1785 2621 1785 2644 1777 2667 1768 2673 1774 2684 1785 2684 1788 2687 1788 2690 1788 2693 1788 2845 1768 2848 1768 2851 1768 2851 1765 2854 1765 2856 1760 2862 1751 2877 1760 2897 1765 2900 1765 2902 1765 2905 1765 2908 1765 2908 1763 2911 1763 2914 1757 2922 1745 3020 1745 3020 1711 3011 1651 2897 1651 2894 1651"/></Shape>
	    <String CONTENT="dist ountlus alle  ninem rotham olad"
                    HPOS="1706"
                    VPOS="1651"
                    WIDTH="1314"
                    HEIGHT="223"
                    WC="0.9214834430151515"></String>
          </TextLine>

          
          
          <TextLine ID="eSc_line_4273ac05"
                    TAGREFS="LT11324"
                    BASELINE="1735 1914 1964 1880 3132 1774" 
                    HPOS="1729"
                    VPOS="1720"
                    WIDTH="1403"
                    HEIGHT="232">
            <Shape><Polygon POINTS="1738 1952 1804 1952 1807 1952 1810 1952 1812 1949 1867 1917 1913 1937 1916 1937 1919 1937 1921 1937 2048 1900 2114 1920 2119 1920 2122 1920 2125 1920 2128 1920 2131 1920 2131 1917 2134 1917 2154 1894 2188 1912 2194 1914 2197 1914 2200 1914 2202 1914 2205 1914 2211 1909 2240 1894 2383 1894 2409 1894 2409 1892 2412 1892 2415 1892 2415 1889 2418 1889 2429 1871 2438 1880 2441 1880 2443 1880 2446 1880 2449 1880 2452 1880 2478 1863 2501 1883 2504 1886 2507 1886 2509 1886 2512 1886 2515 1886 2547 1877 2621 1854 2638 1869 2641 1871 2644 1871 2647 1871 2650 1871 2653 1871 2656 1871 2664 1866 2684 1854 2742 1857 2785 1860 2788 1860 2791 1860 2793 1860 2805 1851 2854 1826 3011 1826 3014 1826 3017 1826 3095 1806 3129 1820 3132 1774 3123 1720 2948 1722 2945 1722 2943 1722 2922 1740 2917 1742 2905 1740 2871 1734 2868 1734 2865 1734 2862 1734 2862 1737 2859 1737 2854 1745 2848 1751 2834 1748 2813 1742 2811 1742 2808 1742 2805 1742 2770 1754 2730 1765 2679 1763 2581 1757 2578 1757 2575 1757 2573 1757 2550 1777 2547 1780 2512 1780 2380 1785 2377 1785 2375 1785 2375 1788 2366 1794 2360 1800 2349 1797 2306 1783 2303 1783 2300 1783 2182 1800 2180 1800 2177 1800 2177 1803 2174 1803 2165 1814 2162 1817 2154 1814 2091 1803 2088 1803 2085 1803 2030 1828 2022 1831 2002 1831 1913 1823 1910 1823 1907 1823 1904 1823 1904 1826 1901 1826 1890 1843 1887 1846 1729 1857 1735 1914"/></Shape>
	    <String CONTENT="rae, armus obnist mesr ho reducion"
                    HPOS="1729"
                    VPOS="1720"
                    WIDTH="1403"
                    HEIGHT="232"
                    WC="0.9138395847643123"></String>
          </TextLine>

          
          
          <TextLine ID="eSc_line_acec24db"
                    TAGREFS="LT11324"
                    BASELINE="1729 1986 2062 1969" 
                    HPOS="1726"
                    VPOS="1897"
                    WIDTH="336"
                    HEIGHT="121">
            <Shape><Polygon POINTS="1729 2009 1781 2003 1792 2009 1810 2018 1812 2018 1815 2018 1818 2018 1853 2003 1861 2000 1873 2003 1947 2015 1950 2015 2062 1986 2062 1969 2053 1897 1726 1932 1729 1986"/></Shape>
	    <String CONTENT="Cartes"
                    HPOS="1726"
                    VPOS="1897"
                    WIDTH="336"
                    HEIGHT="121"
                    WC="0.9946498771508535"></String>
          </TextLine>

          
          
          <TextLine ID="eSc_line_fa18373a"
                    TAGREFS="LT11324"
                    BASELINE="2122 1952 2756 1889 3023 1874" 
                    HPOS="2116"
                    VPOS="1811"
                    WIDTH="907"
                    HEIGHT="181">
            <Shape><Polygon POINTS="2125 1992 2177 1989 2180 1989 2182 1989 2217 1960 2240 1978 2243 1978 2246 1978 2248 1978 2251 1978 2386 1943 2426 1966 2429 1966 2432 1966 2435 1966 2438 1966 2449 1963 2558 1926 2604 1946 2607 1946 2610 1946 2613 1946 2616 1946 2716 1912 2762 1926 2765 1926 2768 1926 2770 1926 2836 1900 2911 1914 2925 1917 2928 1917 3023 1903 3023 1874 3011 1811 2116 1897 2122 1952"/></Shape>
	    <String CONTENT="se vou Tch. satve psosu"
                    HPOS="2116"
                    VPOS="1811"
                    WIDTH="907"
                    HEIGHT="181"
                    WC="0.9515151951623999"></String>
          </TextLine>

          
          
          <TextLine ID="eSc_line_2794880a"
                    TAGREFS="LT11324"
                    BASELINE="1709 2066 3029 1937" 
                    HPOS="1703"
                    VPOS="1880"
                    WIDTH="1326"
                    HEIGHT="218">
            <Shape><Polygon POINTS="1993 1992 1987 2000 1703 2023 1709 2066 1712 2098 1832 2078 1939 2081 2005 2084 2007 2084 2010 2084 2030 2075 2053 2061 2131 2064 2182 2066 2185 2066 2188 2066 2191 2066 2200 2058 2223 2041 2320 2046 2355 2049 2357 2049 2398 2041 2535 2009 2633 2021 2650 2021 2653 2021 2656 2021 2670 2018 2773 1986 2842 2000 2845 2000 2848 2000 2851 2000 2854 2000 2905 1975 3029 1983 3029 1937 3017 1880 2960 1903 2928 1889 2917 1886 2914 1886 2911 1886 2908 1886 2891 1894 2845 1914 2822 1900 2813 1894 2811 1894 2808 1894 2805 1894 2638 1909 2636 1909 2590 1926 2547 1943 2524 1935 2507 1929 2504 1929 2501 1929 2498 1929 2458 1940 2441 1946 2423 1946 2349 1937 2346 1937 2177 1972 2111 1986 2088 1983 2039 1972 2019 1972"/></Shape>
	    <String CONTENT=" in eticab probir gasabe, caenuu"
                    HPOS="1703"
                    VPOS="1880"
                    WIDTH="1326"
                    HEIGHT="218"
                    WC="0.9293853249400854"></String>
          </TextLine>

          
          
          <TextLine ID="eSc_line_517e21ad"
                    TAGREFS="LT11324"
                    BASELINE="1692 2138 2406 2064 2885 2035" 
                    HPOS="1686"
                    VPOS="1972"
                    WIDTH="1199"
                    HEIGHT="221">
            <Shape><Polygon POINTS="1772 2081 1766 2086 1686 2089 1692 2138 1698 2193 1781 2158 1847 2178 1850 2178 1853 2178 1858 2178 2114 2132 2165 2150 2168 2150 2171 2150 2174 2150 2243 2115 2297 2132 2300 2132 2303 2132 2306 2132 2366 2101 2507 2092 2575 2112 2578 2112 2581 2112 2584 2112 2587 2112 2739 2069 2770 2092 2773 2092 2776 2092 2779 2092 2782 2092 2822 2075 2885 2084 2885 2035 2874 1972 2736 1998 2710 1986 2702 1983 2699 1983 2696 1983 2693 1983 2664 1992 2610 2009 2584 2000 2558 1989 2555 1989 2552 1989 2449 1998 2446 1998 2389 2021 2363 2029 2317 2026 2217 2021 2214 2021 2211 2021 2208 2021 2180 2041 2168 2049 2159 2043 2148 2032 2145 2032 2142 2032 2139 2032 2050 2038 2048 2038 2045 2038 2016 2058 2005 2064 1982 2061 1936 2055 1933 2055 1930 2055 1927 2055 1913 2066 1907 2072 1896 2069 1821 2055 1810 2055"/></Shape>
	    <String CONTENT="vac das gued ans porcellan getragei"
                    HPOS="1686"
                    VPOS="1972"
                    WIDTH="1199"
                    HEIGHT="221"
                    WC="0.9526576578617096"></String>
          </TextLine>

          
          
          <TextLine ID="eSc_line_41744339"
                    TAGREFS="LT11324"
                    BASELINE="1795 2210 3052 2107" 
                    HPOS="1789"
                    VPOS="2035"
                    WIDTH="1263"
                    HEIGHT="215">
            <Shape><Polygon POINTS="1936 2230 1950 2241 1959 2247 1959 2250 1962 2250 1964 2250 1967 2250 1970 2250 1996 2236 2010 2230 2042 2233 2111 2238 2114 2238 2116 2238 2119 2238 2139 2224 2145 2218 2151 2221 2165 2230 2168 2230 2171 2230 2174 2230 2217 2215 2260 2204 2323 2207 2426 2213 2429 2213 2432 2213 2435 2213 2435 2210 2452 2195 2458 2193 2472 2193 2521 2198 2524 2198 2590 2184 2636 2172 2647 2178 2673 2190 2676 2190 2679 2190 2828 2164 2945 2170 2948 2170 2951 2170 3052 2141 3052 2107 3043 2035 2897 2049 2894 2049 2891 2049 2865 2072 2825 2055 2819 2052 2816 2052 2813 2052 2811 2052 2808 2052 2805 2055 2770 2084 2682 2086 2650 2069 2644 2066 2641 2066 2638 2066 2636 2066 2633 2066 2627 2072 2598 2095 2558 2078 2555 2078 2552 2078 2538 2081 2438 2101 2412 2092 2398 2086 2395 2086 2392 2086 2389 2086 2349 2098 2297 2109 2268 2104 2243 2101 2240 2101 2237 2101 2220 2109 2180 2129 2142 2115 2122 2109 2119 2109 2116 2109 2114 2109 2111 2109 2111 2112 2108 2112 2105 2118 2096 2129 2007 2129 1987 2129 1984 2129 1982 2129 1979 2129 1979 2132 1976 2132 1964 2150 1789 2150 1795 2210 1798 2250"/></Shape>
	    <String CONTENT="Die salia gaben dem hande den flust, ap"
                    HPOS="1789"
                    VPOS="2035"
                    WIDTH="1263"
                    HEIGHT="215"
                    WC="0.9492862400336143"></String>
          </TextLine>

          
          
          <TextLine ID="eSc_line_0c668ae7"
                    TAGREFS="LT11324"
                    BASELINE="1703 2307 3097 2167" 
                    HPOS="1695"
                    VPOS="2112"
                    WIDTH="1402"
                    HEIGHT="238">
            <Shape><Polygon POINTS="1706 2336 1764 2333 1766 2333 1787 2350 1789 2350 1792 2350 1795 2350 1798 2350 1870 2324 1884 2319 1927 2319 2137 2319 2137 2316 2139 2316 2202 2290 2205 2287 2208 2287 2246 2304 2248 2304 2251 2304 2366 2293 2369 2293 2426 2267 2429 2264 2432 2264 2461 2279 2464 2279 2466 2279 2469 2279 2472 2279 2489 2261 2515 2276 2518 2276 2521 2276 2618 2267 2621 2267 2679 2241 2759 2253 2762 2253 2765 2253 2768 2253 2768 2250 2793 2227 2796 2227 2799 2227 2862 2241 2865 2241 2868 2241 2871 2241 2902 2215 2905 2215 2914 2215 2963 2224 2965 2224 3097 2195 3097 2167 3089 2112 2753 2161 2618 2155 2561 2152 2558 2152 2555 2152 2552 2152 2541 2161 2509 2187 2415 2195 2375 2178 2372 2178 2369 2178 2366 2178 2337 2193 2283 2187 2266 2184 2263 2184 2260 2184 2257 2184 2251 2190 2208 2215 2157 2198 2148 2195 2145 2195 2142 2195 2139 2195 2131 2198 2071 2230 2013 2210 2010 2210 2007 2210 2005 2210 2002 2210 1996 2213 1921 2244 1861 2224 1858 2224 1855 2224 1853 2224 1695 2238 1703 2307"/></Shape>
	    <String CONTENT="Capit man bester dageon. Nnm man unus das"
                    HPOS="1695"
                    VPOS="2112"
                    WIDTH="1402"
                    HEIGHT="238"
                    WC="0.9234642895256601"></String>
          </TextLine>

          
          
          <TextLine ID="eSc_line_5e369ad9"
                    TAGREFS="LT11324"
                    BASELINE="1701 2373 2687 2299 2839 2261 3120 2236" 
                    HPOS="1695"
                    VPOS="2195"
                    WIDTH="1428"
                    HEIGHT="221">
            <Shape><Polygon POINTS="1821 2316 1815 2319 1810 2319 1761 2307 1758 2307 1755 2307 1695 2327 1701 2373 1703 2416 1884 2416 1887 2416 1890 2416 1890 2413 1904 2402 1916 2393 1976 2396 1984 2396 1987 2396 1990 2396 1996 2396 2068 2373 2131 2382 2165 2387 2168 2387 2171 2387 2194 2379 2205 2373 2248 2373 2377 2376 2380 2376 2383 2376 2458 2356 2524 2336 2555 2347 2590 2359 2593 2359 2595 2359 2704 2350 2707 2350 2768 2327 2811 2310 2928 2310 2934 2313 2945 2324 2948 2324 2951 2324 2954 2324 2957 2324 2960 2324 2977 2310 2994 2299 3123 2299 3120 2236 3112 2195 2779 2213 2776 2213 2773 2213 2750 2230 2739 2236 2722 2233 2682 2221 2679 2221 2676 2221 2673 2221 2670 2221 2647 2238 2624 2253 2593 2244 2584 2241 2581 2241 2578 2241 2575 2241 2564 2247 2529 2261 2489 2253 2432 2241 2429 2241 2426 2241 2423 2241 2398 2261 2380 2276 2283 2281 2260 2276 2217 2261 2214 2261 2211 2261 2208 2261 2157 2284 2137 2293 2111 2290 2079 2284 2076 2284 1973 2301 1927 2310 1919 2307 1881 2290 1867 2290"/></Shape>
	    <String CONTENT="plab lango inprume astot stesus, 1o oesus audita"
                    HPOS="1695"
                    VPOS="2195"
                    WIDTH="1428"
                    HEIGHT="221"
                    WC="0.8759762650976578"></String>
          </TextLine>

          
          
          <TextLine ID="eSc_line_0a6a829b"
                    TAGREFS="LT11324"
                    BASELINE="1718 2448 2007 2430 2882 2342" 
                    HPOS="1715"
                    VPOS="2287"
                    WIDTH="1167"
                    HEIGHT="207">
            <Shape><Polygon POINTS="2005 2453 2033 2462 2056 2471 2059 2471 2062 2471 2191 2459 2194 2459 2197 2459 2197 2456 2214 2442 2225 2430 2254 2436 2309 2448 2311 2448 2314 2448 2360 2425 2377 2416 2389 2422 2418 2436 2420 2436 2423 2436 2426 2436 2429 2436 2458 2413 2466 2408 2484 2410 2538 2425 2541 2425 2544 2425 2547 2425 2630 2393 2644 2390 2661 2390 2736 2396 2739 2396 2882 2365 2882 2342 2874 2287 2624 2330 2441 2330 2429 2330 2426 2330 2423 2330 2415 2330 2300 2362 2211 2353 2208 2353 2205 2353 2202 2353 2200 2353 2171 2370 2039 2370 2019 2370 2016 2370 2013 2370 2010 2370 2010 2373 1976 2393 1941 2382 1939 2382 1936 2382 1933 2382 1858 2405 1818 2390 1812 2390 1810 2390 1807 2390 1804 2390 1795 2393 1744 2413 1715 2402 1718 2448 1721 2494"/></Shape>
	    <String CONTENT="ique satia laetqus dena est ob bestandias"
                    HPOS="1715"
                    VPOS="2287"
                    WIDTH="1167"
                    HEIGHT="207"
                    WC="0.9381065499491807"></String>
          </TextLine>

          
          
          <TextLine ID="eSc_line_a80f5968"
                    TAGREFS="LT11324"
                    BASELINE="1741 2528 2859 2408" 
                    HPOS="1735"
                    VPOS="2350"
                    WIDTH="1124"
                    HEIGHT="215">
            <Shape><Polygon POINTS="2753 2373 2747 2373 2736 2373 2650 2367 2647 2367 2509 2399 2504 2399 2501 2399 2464 2387 2461 2387 2458 2387 2455 2387 2452 2387 2429 2408 2426 2408 2380 2396 2377 2396 2375 2396 2372 2396 2297 2422 2294 2422 2291 2422 2217 2413 2214 2413 2211 2413 2159 2436 2116 2425 2114 2425 2111 2425 1950 2442 1947 2442 1896 2465 1850 2453 1847 2453 1844 2453 1841 2453 1735 2482 1741 2528 1741 2551 1858 2565 1861 2565 1864 2565 1867 2565 1904 2539 1907 2537 1910 2539 1953 2559 1956 2559 1959 2559 2068 2548 2071 2548 2134 2519 2154 2514 2188 2516 2266 2525 2268 2525 2271 2525 2274 2525 2274 2522 2289 2508 2297 2502 2346 2505 2435 2508 2438 2508 2441 2508 2475 2494 2547 2465 2647 2473 2650 2473 2653 2473 2736 2445 2859 2462 2859 2408 2851 2359 2808 2350 2793 2350"/></Shape>
	    <String CONTENT="die lasen ade dapsen, cpii vo"
                    HPOS="1735"
                    VPOS="2350"
                    WIDTH="1124"
                    HEIGHT="215"
                    WC="0.9121978878974915"></String>
          </TextLine>

          
          
          <TextLine ID="eSc_line_d3030f9a"
                    TAGREFS="LT11324"
                    BASELINE="1698 2608 2073 2585 3034 2473" 
                    HPOS="1695"
                    VPOS="2405"
                    WIDTH="1339"
                    HEIGHT="249">
            <Shape><Polygon POINTS="1775 2654 1778 2654 1944 2620 2231 2608 2234 2608 2237 2608 2286 2580 2289 2580 2357 2594 2360 2594 2363 2594 2366 2594 2412 2565 2415 2565 2418 2565 2475 2580 2478 2580 2481 2580 2484 2580 2581 2554 2616 2565 2618 2565 2621 2565 2624 2565 2704 2534 2707 2534 2710 2534 2782 2548 2785 2548 2788 2548 2859 2516 2865 2514 3034 2496 3034 2473 3023 2405 2925 2413 2922 2413 2920 2413 2920 2416 2917 2416 2891 2451 2822 2451 2779 2433 2773 2430 2770 2430 2768 2430 2581 2453 2578 2453 2575 2453 2575 2456 2573 2456 2552 2482 2521 2462 2515 2459 2512 2459 2509 2459 2507 2459 2504 2459 2501 2459 2501 2462 2498 2462 2495 2465 2475 2494 2360 2482 2323 2479 2320 2479 2317 2479 2314 2479 2303 2488 2263 2519 1982 2548 1936 2531 1916 2525 1913 2525 1910 2525 1821 2542 1818 2542 1815 2542 1815 2545 1812 2548 1787 2568 1695 2562 1698 2608 1701 2643"/></Shape>
	    <String CONTENT="arbritrr aguum, geseri erus audllus streno eo"
                    HPOS="1695"
                    VPOS="2405"
                    WIDTH="1339"
                    HEIGHT="249"
                    WC="0.8746214661333296"></String>
          </TextLine>

          
          
          <TextLine ID="eSc_line_81d0889c"
                    TAGREFS="LT11324"
                    BASELINE="1695 2680 3083 2551" 
                    HPOS="1689"
                    VPOS="2496"
                    WIDTH="1397"
                    HEIGHT="230">
            <Shape><Polygon POINTS="2268 2562 2243 2585 2180 2577 2177 2577 2174 2577 2171 2577 2171 2580 2154 2597 1944 2600 1941 2600 1878 2623 1706 2623 1703 2623 1701 2623 1698 2623 1698 2625 1695 2625 1689 2628 1695 2680 1698 2714 1726 2723 1729 2723 1732 2723 1735 2723 1752 2711 1764 2703 1789 2709 1884 2726 1887 2726 1890 2726 1893 2726 1924 2700 1962 2717 1964 2717 1967 2717 2099 2706 2102 2706 2180 2677 2194 2671 2205 2674 2248 2691 2251 2691 2254 2691 2257 2691 2317 2668 2340 2683 2343 2683 2346 2683 2349 2683 2532 2666 2535 2666 2538 2666 2538 2663 2541 2663 2550 2651 2593 2660 2595 2660 2598 2660 2641 2640 2693 2614 2963 2591 3009 2611 3011 2611 3014 2611 3017 2611 3086 2602 3083 2551 3077 2508 2963 2496 2960 2496 2836 2508 2834 2508 2831 2508 2831 2511 2802 2534 2716 2519 2713 2519 2710 2519 2650 2548 2598 2534 2595 2534 2593 2534 2590 2534 2524 2559 2409 2548 2406 2548 2403 2548 2400 2548 2363 2571 2297 2559 2289 2562"/></Shape>
	    <String CONTENT="Dat glab langi in plngd stesst, udd as sazus"
                    HPOS="1689"
                    VPOS="2496"
                    WIDTH="1397"
                    HEIGHT="230"
                    WC="0.9163578023964708"></String>
          </TextLine>

          
          
          <TextLine ID="eSc_line_3cc3b6dd"
                    TAGREFS="LT11324"
                    BASELINE="1709 2772 1904 2754" 
                    HPOS="1703"
                    VPOS="2686"
                    WIDTH="201"
                    HEIGHT="131">
            <Shape><Polygon POINTS="1712 2817 1795 2815 1798 2815 1812 2812 1844 2792 1858 2777 1904 2774 1904 2754 1896 2700 1832 2703 1830 2703 1810 2686 1807 2686 1804 2686 1801 2686 1798 2686 1703 2711 1709 2772"/></Shape>
	    <String CONTENT="pan."
                    HPOS="1703"
                    VPOS="2686"
                    WIDTH="201"
                    HEIGHT="131"
                    WC="0.9996259361505508"></String>
          </TextLine>

          
          
          <TextLine ID="eSc_line_50bd97fd"
                    TAGREFS="LT11324"
                    BASELINE="1792 2820 3138 2703" 
                    HPOS="1787"
                    VPOS="2605"
                    WIDTH="1353"
                    HEIGHT="247">
            <Shape><Polygon POINTS="1873 2757 1844 2760 1815 2763 1787 2766 1792 2820 1792 2852 2157 2849 2159 2849 2162 2849 2194 2820 2197 2817 2286 2812 2294 2812 2383 2829 2386 2829 2389 2829 2512 2792 2521 2792 2524 2792 2616 2809 2618 2809 2621 2809 2745 2772 2747 2772 2750 2772 2811 2792 2813 2792 2816 2792 2819 2792 2951 2754 2954 2754 2960 2754 3097 2757 3100 2757 3103 2757 3140 2737 3138 2703 3129 2611 3054 2605 3052 2605 3049 2605 3046 2605 3029 2620 3009 2640 2965 2628 2922 2617 2920 2617 2917 2617 2914 2617 2813 2643 2765 2631 2762 2631 2759 2631 2756 2631 2753 2631 2725 2654 2595 2645 2593 2645 2590 2645 2481 2683 2455 2691 2441 2688 2418 2680 2415 2680 2412 2680 2409 2680 2383 2694 2349 2714 2162 2729 2122 2723 1979 2700 1976 2700 1973 2700 1970 2700 1970 2703 1939 2731 1919 2717 1916 2717 1913 2717 1910 2717 1907 2717 1901 2757"/></Shape>
	    <String CONTENT="glast laerum ab piurrjiculiisue dichaer"
                    HPOS="1787"
                    VPOS="2605"
                    WIDTH="1353"
                    HEIGHT="247"
                    WC="0.8989241772737259"></String>
          </TextLine>

          
          
          <TextLine ID="eSc_line_af0d6aa3"
                    TAGREFS="LT11324"
                    BASELINE="1712 2901 2332 2863 2616 2820 3083 2783" 
                    HPOS="1706"
                    VPOS="2734"
                    WIDTH="1377"
                    HEIGHT="218">
            <Shape><Polygon POINTS="1735 2849 1723 2846 1706 2852 1712 2901 1715 2952 1901 2941 1904 2941 1907 2941 1913 2935 1956 2906 2073 2918 2102 2921 2105 2921 2108 2921 2111 2921 2116 2915 2145 2892 2168 2909 2177 2915 2180 2915 2182 2915 2185 2915 2188 2915 2191 2915 2202 2906 2208 2901 2234 2901 2268 2903 2271 2903 2274 2903 2277 2903 2286 2898 2314 2875 2334 2892 2337 2895 2340 2895 2343 2895 2346 2895 2349 2895 2352 2895 2352 2892 2357 2889 2372 2875 2383 2886 2400 2901 2403 2901 2406 2901 2409 2901 2412 2901 2415 2901 2415 2898 2432 2883 2446 2898 2449 2898 2452 2898 2455 2898 2458 2898 2461 2898 2495 2875 2507 2866 2518 2872 2561 2889 2564 2889 2567 2889 2570 2889 2573 2889 2618 2860 2644 2846 2690 2855 2736 2860 2739 2860 2742 2860 2773 2846 2791 2835 2802 2843 2813 2852 2816 2852 2819 2852 2822 2852 2825 2852 2854 2838 2865 2829 2871 2835 2885 2846 2888 2846 2891 2846 2894 2846 2897 2846 2931 2829 2943 2823 2965 2826 3040 2832 3043 2832 3046 2832 3083 2812 3083 2783 3074 2734 2822 2772 2799 2757 2793 2752 2791 2752 2788 2752 2785 2752 2710 2766 2641 2777 2581 2777 2495 2774 2492 2774 2489 2774 2443 2789 2392 2803 2306 2800 2194 2797 2191 2797 2188 2797 2185 2797 2165 2812 2151 2826 1967 2838 1913 2835 1787 2829 1784 2829 1781 2829 1764 2852"/></Shape>
	    <String CONTENT="est mine paestro ale fisan, und Nempra"
                    HPOS="1706"
                    VPOS="2734"
                    WIDTH="1377"
                    HEIGHT="218"
                    WC="0.9438889277608771"></String>
          </TextLine>

          
          
          <TextLine ID="eSc_line_4c4a22b5"
                    TAGREFS="LT11324"
                    BASELINE="1741 2995 2010 2955 2300 2935 2851 2866 3132 2849" 
                    HPOS="1735"
                    VPOS="2777"
                    WIDTH="1397"
                    HEIGHT="261">
            <Shape><Polygon POINTS="1778 2944 1735 2952 1741 2995 1746 3038 1810 3012 1898 3015 1901 3015 2111 2975 2137 2992 2139 2995 2142 2995 2145 2995 2148 2995 2151 2995 2171 2987 2217 2967 2251 2978 2289 2989 2291 2989 2294 2989 2555 2961 2558 2961 2561 2961 2604 2935 2636 2918 2733 2918 2759 2918 2762 2918 2765 2918 2776 2912 2816 2898 2836 2906 2845 2909 2848 2909 2851 2909 2854 2909 2885 2901 2922 2889 2931 2895 2960 2915 2963 2915 2965 2915 2968 2915 3023 2909 3026 2909 3132 2869 3132 2849 3118 2777 3037 2809 2994 2800 2991 2800 2988 2800 2986 2800 2986 2803 2983 2803 2977 2812 2951 2797 2948 2797 2945 2797 2943 2797 2940 2797 2937 2797 2934 2800 2900 2820 2877 2809 2871 2806 2868 2806 2865 2806 2862 2806 2848 2812 2779 2838 2727 2826 2704 2823 2702 2823 2699 2823 2664 2835 2595 2858 2535 2852 2507 2849 2504 2849 2501 2849 2498 2849 2498 2852 2495 2852 2492 2858 2481 2872 2412 2878 2392 2869 2369 2860 2366 2860 2363 2860 2360 2860 2300 2881 2257 2898 2165 2898 1973 2903 1804 2938 1795 2975"/></Shape>
	    <String CONTENT="post ado audoe ungolvaisrit imtalaorst"
                    HPOS="1735"
                    VPOS="2777"
                    WIDTH="1397"
                    HEIGHT="261"
                    WC="0.9799828247020119"></String>
          </TextLine>

          
          
          <TextLine ID="eSc_line_df2912d0"
                    TAGREFS="LT11324"
                    BASELINE="1795 3078 1933 3070" 
                    HPOS="1789"
                    VPOS="3015"
                    WIDTH="144"
                    HEIGHT="103">
            <Shape><Polygon POINTS="1878 3035 1850 3032 1841 3021 1789 3015 1795 3078 1795 3118 1933 3101 1933 3070 1927 3044 1907 3035"/></Shape>
	    <String CONTENT="ge"
                    HPOS="1789"
                    VPOS="3015"
                    WIDTH="144"
                    HEIGHT="103"
                    WC="0.9987464547157288"></String>
          </TextLine>

          
          
          <TextLine ID="eSc_line_761d359c"
                    TAGREFS="LT11324"
                    BASELINE="1916 3050 1999 3027 2441 3001 2897 2944 3138 2929" 
                    HPOS="1916"
                    VPOS="2869"
                    WIDTH="1224"
                    HEIGHT="224">
            <Shape><Polygon POINTS="1916 3041 1916 3050 1919 3093 1999 3087 2002 3087 2005 3087 2050 3053 2114 3050 2157 3070 2162 3073 2165 3073 2168 3073 2171 3073 2174 3073 2180 3067 2205 3047 2246 3061 2257 3064 2260 3064 2263 3064 2389 3053 2392 3053 2415 3041 2458 3021 2486 3032 2507 3041 2509 3041 2512 3041 2515 3041 2555 3027 2584 3015 2610 3018 2656 3027 2659 3027 2661 3027 2699 3010 2736 2992 2811 2998 2874 3001 2877 3001 2879 3001 2882 3001 2882 2998 2894 2987 2905 2975 3043 2964 3057 2969 3100 2987 3103 2987 3106 2987 3109 2987 3112 2987 3140 2961 3138 2929 3129 2869 3034 2875 3031 2875 3020 2881 2971 2903 2894 2895 2848 2889 2845 2889 2842 2889 2776 2906 2742 2915 2722 2912 2664 2906 2661 2906 2659 2906 2621 2924 2593 2938 2518 2935 2478 2935 2475 2935 2472 2935 2432 2944 2377 2958 2355 2952 2291 2941 2289 2941 2286 2941 2220 2967 2171 2952 2168 2952 2165 2952 2162 2952 2159 2952 2159 2955 2157 2955 2145 2969 2131 2958 2128 2958 2125 2958 2122 2958 2036 2964 2033 2964 1953 2992 1941 3032"/></Shape>
	    <String CONTENT="ex  (+ Minu mea stant dis sartius"
                    HPOS="1916"
                    VPOS="2869"
                    WIDTH="1224"
                    HEIGHT="224"
                    WC="0.9545462709484678"></String>
          </TextLine>

          
          
          <TextLine ID="eSc_line_295efbc1"
                    TAGREFS="LT11324"
                    BASELINE="1715 3147 3103 3007" 
                    HPOS="1709"
                    VPOS="2944"
                    WIDTH="1394"
                    HEIGHT="252">
            <Shape><Polygon POINTS="1764 3093 1741 3084 1738 3084 1735 3084 1732 3084 1729 3084 1709 3096 1715 3147 1718 3184 1744 3196 1746 3196 1749 3196 1752 3196 1755 3196 1755 3193 1772 3179 1781 3170 1858 3164 1867 3170 1884 3184 1887 3184 1890 3184 1893 3184 1896 3184 1898 3184 1898 3182 1919 3164 1924 3159 1944 3161 2025 3170 2028 3170 2030 3170 2033 3170 2033 3167 2036 3167 2048 3150 2068 3164 2071 3164 2073 3164 2076 3164 2148 3159 2151 3159 2217 3133 2237 3147 2240 3147 2243 3147 2246 3147 2248 3147 2303 3127 2369 3136 2372 3136 2515 3101 2541 3096 2547 3098 2584 3113 2587 3113 2590 3113 2593 3113 2641 3093 2765 3096 2768 3096 2770 3096 2773 3096 2805 3070 2811 3070 2879 3084 2882 3084 2885 3084 2937 3058 2943 3053 3103 3038 3103 3007 3095 2949 3057 2944 3054 2944 3052 2944 3011 2961 2988 2969 2963 2967 2914 2958 2911 2958 2908 2958 2905 2958 2885 2975 2868 2987 2813 2981 2745 2975 2742 2975 2739 2975 2676 2995 2630 3012 2613 3004 2590 2992 2587 2992 2584 2992 2581 2992 2535 3012 2512 3021 2469 3018 2403 3015 2400 3015 2398 3015 2395 3015 2395 3018 2380 3030 2369 3041 2260 3050 2243 3044 2214 3030 2211 3030 2208 3030 2205 3030 2202 3030 2174 3050 2125 3038 2122 3038 2119 3038 2116 3038 2114 3038 2076 3061 2059 3073 1778 3098 1766 3096 1766 3098"/></Shape>
	    <String CONTENT="toit aecunglast pril neondem fdestrium"
                    HPOS="1709"
                    VPOS="2944"
                    WIDTH="1394"
                    HEIGHT="252"
                    WC="0.9404688610842353"></String>
          </TextLine>

          
          
          <TextLine ID="eSc_line_bdbde33b"
                    TAGREFS="LT11324"
                    BASELINE="1726 3216 2134 3184 2920 3096 3138 3084" 
                    HPOS="1721"
                    VPOS="3024"
                    WIDTH="1417"
                    HEIGHT="232">
            <Shape><Polygon POINTS="1795 3167 1721 3164 1726 3216 1729 3256 1861 3253 1864 3253 1867 3253 1878 3245 1904 3230 1933 3239 1950 3245 1953 3245 1956 3245 2237 3216 2240 3216 2243 3216 2243 3213 2251 3207 2268 3187 2590 3170 2593 3170 2595 3170 2595 3167 2598 3167 2607 3156 2636 3167 2650 3173 2653 3173 2656 3173 2659 3173 2679 3164 2716 3144 2788 3153 2802 3153 2805 3153 2808 3153 2811 3153 2811 3150 2813 3150 2828 3133 2897 3141 2931 3144 2934 3144 2937 3144 2957 3136 2991 3118 3003 3130 3006 3133 3009 3133 3011 3133 3014 3133 3138 3116 3138 3084 3132 3035 3072 3024 3069 3024 2934 3038 2931 3038 2928 3038 2905 3055 2897 3061 2851 3061 2707 3061 2704 3061 2702 3061 2650 3078 2621 3090 2538 3090 2446 3090 2443 3090 2441 3090 2409 3101 2369 3113 2320 3107 2297 3107 2294 3107 2234 3116 2068 3144 2050 3133 2048 3130 2045 3130 2042 3130 2039 3130 2036 3130 2033 3130 2033 3133 2030 3133 2030 3136 2019 3150 1893 3161 1853 3150 1847 3150 1844 3150 1841 3150 1838 3150 1835 3150 1832 3153 1815 3161 1807 3182"/></Shape>
	    <String CONTENT="5ont Vagio, dup) in ga langoe im untrricore–"
                    HPOS="1721"
                    VPOS="3024"
                    WIDTH="1417"
                    HEIGHT="232"
                    WC="0.9377832060510461"></String>
          </TextLine>

          
          
          <TextLine ID="eSc_line_fb3b4c0c"
                    TAGREFS="LT11324"
                    BASELINE="1675 3290 2128 3253 2309 3222 3129 3161" 
                    HPOS="1666"
                    VPOS="3104"
                    WIDTH="1463"
                    HEIGHT="224">
            <Shape><Polygon POINTS="2297 3164 2277 3190 2200 3204 1890 3213 1801 3227 1787 3276 1764 3233 1666 3213 1675 3290 1678 3328 1752 3319 1755 3319 1758 3319 1758 3316 1761 3316 1775 3296 1815 3319 1818 3319 1821 3319 1824 3319 1904 3311 1907 3311 1910 3311 1910 3308 1933 3285 1953 3299 1956 3299 1959 3299 1979 3302 2033 3302 2036 3302 2039 3302 2056 3293 2082 3279 2119 3288 2148 3293 2151 3293 2251 3285 2254 3285 2257 3285 2271 3273 2300 3250 2360 3262 2363 3262 2366 3262 2369 3262 2418 3242 2461 3253 2507 3265 2509 3265 2512 3265 2575 3259 2578 3259 2581 3259 2610 3239 2621 3230 2630 3236 2641 3245 2644 3245 2647 3245 2650 3245 2653 3245 2656 3245 2656 3242 2659 3242 2667 3233 2673 3225 2693 3230 2707 3233 2710 3233 2713 3233 2716 3233 2742 3225 2768 3216 2773 3222 2793 3236 2796 3236 2799 3236 2802 3236 2805 3236 2900 3210 2928 3199 3129 3184 3129 3161 3120 3104 3040 3104 3037 3104 3034 3104 3020 3110 2977 3133 2911 3118 2905 3118 2902 3118 2733 3130 2730 3130 2727 3130 2725 3133 2696 3153 2621 3141 2604 3139 2601 3139 2538 3147 2535 3147 2532 3147 2532 3150 2529 3150 2515 3170 2466 3153 2461 3150 2458 3150 2455 3150 2452 3150 2443 3153 2380 3182 2326 3161 2323 3164"/></Shape>
	    <String CONTENT="diteu fauro guscandus als si aoehomnenteis"
                    HPOS="1666"
                    VPOS="3104"
                    WIDTH="1463"
                    HEIGHT="224"
                    WC="0.8981809545130957"></String>
          </TextLine>

          
          
          <TextLine ID="eSc_line_24c8ac05"
                    TAGREFS="LT11324"
                    BASELINE="1735 3376 2131 3336 2346 3299 3100 3250" 
                    HPOS="1726"
                    VPOS="3176"
                    WIDTH="1377"
                    HEIGHT="238">
            <Shape><Polygon POINTS="1755 3285 1726 3305 1735 3376 1738 3414 1812 3394 1959 3394 1970 3394 1973 3394 1976 3394 1979 3394 2030 3362 2096 3374 2099 3374 2102 3374 2105 3374 2105 3371 2122 3356 2202 3365 2205 3365 2208 3365 2257 3345 2306 3365 2317 3368 2320 3368 2323 3368 2326 3368 2329 3368 2329 3365 2334 3362 2363 3333 2521 3325 2581 3339 2613 3345 2616 3345 2793 3331 2796 3331 2799 3331 2813 3319 2836 3299 2888 3311 2917 3316 2920 3316 2922 3316 2943 3308 2971 3290 3009 3299 3029 3305 3031 3305 3034 3305 3103 3290 3100 3250 3086 3176 3031 3207 3003 3184 3000 3184 2997 3184 2994 3184 2948 3190 2945 3190 2943 3190 2943 3193 2940 3193 2917 3222 2865 3199 2862 3199 2859 3199 2856 3199 2816 3213 2779 3207 2753 3202 2750 3202 2747 3202 2727 3210 2664 3242 2555 3242 2541 3230 2532 3222 2529 3222 2527 3222 2524 3222 2521 3222 2518 3222 2507 3233 2489 3247 2455 3239 2420 3230 2418 3230 2415 3230 2412 3230 2375 3247 2372 3247 2357 3233 2355 3233 2352 3233 2349 3233 2274 3239 2271 3239 2268 3239 2268 3242 2251 3259 2234 3279 2119 3285 2088 3276 2059 3265 2056 3265 2053 3265 2050 3265 2048 3265 2028 3282 2019 3288 2010 3282 1999 3273 1999 3270 1996 3270 1993 3270 1990 3270 1987 3270 1984 3270 1984 3273 1970 3288 1962 3299 1841 3308 1821 3302 1801 3293 1787 3316"/></Shape>
	    <String CONTENT="frraret, un raeos gasemmem onfuget. dac"
                    HPOS="1726"
                    VPOS="3176"
                    WIDTH="1377"
                    HEIGHT="238"
                    WC="0.9210485861851618"></String>
          </TextLine>

          
          
          <TextLine ID="eSc_line_a13f339c"
                    TAGREFS="LT11324"
                    BASELINE="1703 3442 2177 3411 2441 3371 3054 3319" 
                    HPOS="1698"
                    VPOS="3273"
                    WIDTH="1356"
                    HEIGHT="215">
            <Shape><Polygon POINTS="2116 3339 2096 3354 2079 3368 1893 3379 1861 3374 1827 3368 1812 3371 1787 3371 1778 3382 1769 3391 1698 3391 1703 3442 1703 3474 1804 3488 1807 3488 1910 3480 1913 3480 1916 3480 1947 3454 1950 3451 1950 3454 1979 3471 1982 3471 1984 3471 1987 3471 2093 3448 2177 3457 2180 3457 2182 3457 2274 3425 2280 3422 2283 3422 2320 3442 2323 3442 2326 3442 2446 3434 2449 3434 2550 3399 2555 3399 2558 3399 2656 3411 2659 3411 2661 3411 2713 3385 2716 3385 2722 3385 2879 3397 2882 3397 2885 3397 2951 3365 2954 3362 3054 3354 3054 3319 3046 3273 2902 3293 2877 3288 2839 3276 2836 3276 2834 3276 2831 3276 2828 3276 2828 3279 2811 3293 2799 3305 2773 3296 2739 3285 2736 3285 2733 3285 2730 3285 2727 3285 2727 3288 2710 3302 2696 3316 2630 3319 2529 3316 2400 3313 2398 3313 2395 3313 2337 3333 2297 3348 2286 3339 2271 3325 2268 3325 2266 3325 2263 3325 2145 3333 2125 3339"/></Shape>
	    <String CONTENT="eit planaallodinus gutimum pasorus"
                    HPOS="1698"
                    VPOS="3273"
                    WIDTH="1356"
                    HEIGHT="215"
                    WC="0.9306553575922462"></String>
          </TextLine>

          
          
          <TextLine ID="eSc_line_0993166d"
                    TAGREFS="LT11324"
                    BASELINE="1810 3523 2713 3428 3095 3399" 
                    HPOS="1807"
                    VPOS="3356"
                    WIDTH="1288"
                    HEIGHT="213">
            <Shape><Polygon POINTS="1810 3523 1815 3569 1873 3540 1939 3554 1956 3557 1959 3557 1962 3557 1964 3557 1973 3551 2007 3528 2091 3537 2119 3540 2122 3540 2125 3540 2151 3531 2191 3517 2223 3523 2228 3523 2231 3523 2234 3523 2237 3523 2237 3520 2240 3520 2251 3503 2277 3517 2294 3523 2297 3523 2300 3523 2303 3523 2360 3505 2429 3488 2461 3497 2466 3497 2469 3497 2472 3497 2475 3497 2478 3497 2481 3494 2507 3474 2682 3471 2822 3465 2825 3465 2828 3465 2828 3462 2839 3454 2845 3448 2854 3451 2897 3462 2900 3462 2902 3462 3095 3422 3095 3399 3089 3356 2874 3376 2871 3376 2791 3359 2788 3359 2785 3359 2673 3397 2627 3376 2624 3376 2621 3376 2558 3382 2555 3382 2392 3425 2386 3425 2383 3425 2274 3411 2271 3411 2268 3411 2105 3454 2099 3454 2093 3454 1933 3445 1930 3445 1927 3445 1924 3445 1878 3477 1815 3483 1807 3508"/></Shape>
	    <String CONTENT="V. sch. meiurtille ver diamant (o geas"
                    HPOS="1807"
                    VPOS="3356"
                    WIDTH="1288"
                    HEIGHT="213"
                    WC="0.9615398221894315"></String>
          </TextLine>

          
          
          <TextLine ID="eSc_line_0c0410e8"
                    TAGREFS="LT11324"
                    BASELINE="1723 3617 2555 3520 3143 3480" 
                    HPOS="1718"
                    VPOS="3414"
                    WIDTH="1425"
                    HEIGHT="241">
            <Shape><Polygon POINTS="1792 3563 1718 3569 1723 3617 1726 3649 1761 3632 1778 3643 1792 3655 1795 3655 1798 3655 1801 3655 1804 3655 1807 3655 1824 3640 1835 3632 1858 3637 1884 3643 1887 3643 1890 3643 1893 3643 1896 3643 1910 3632 1933 3617 1950 3629 1973 3640 1976 3640 1979 3640 2151 3623 2154 3623 2157 3623 2157 3620 2171 3609 2191 3589 2257 3597 2260 3597 2263 3597 2329 3574 2377 3589 2406 3597 2409 3597 2412 3597 2415 3597 2418 3597 2418 3594 2432 3583 2449 3569 2464 3580 2466 3580 2469 3580 2472 3580 2475 3580 2478 3580 2578 3551 2618 3566 2624 3569 2627 3569 2630 3569 2633 3569 2636 3569 2638 3566 2667 3540 2707 3551 2710 3551 2713 3551 2716 3551 2719 3551 2739 3534 2779 3551 2793 3557 2796 3557 2799 3557 2802 3557 2805 3557 2805 3554 2808 3554 2811 3548 2822 3534 2885 3543 2920 3546 2922 3546 2925 3546 2954 3537 3014 3514 3140 3517 3143 3480 3138 3428 3066 3414 3063 3414 2917 3448 2897 3431 2894 3431 2891 3431 2888 3431 2831 3437 2828 3437 2825 3437 2796 3460 2687 3451 2684 3451 2682 3451 2627 3477 2435 3477 2432 3477 2257 3514 2208 3500 2205 3500 2202 3500 2200 3500 2108 3531 1896 3531 1893 3531 1890 3531 1887 3531 1855 3557 1824 3560 1807 3606"/></Shape>
	    <String CONTENT="alci purissimi, Tabo  otuab duplicis refra–"
                    HPOS="1718"
                    VPOS="3414"
                    WIDTH="1425"
                    HEIGHT="241"
                    WC="0.9388089027515677"></String>
          </TextLine>

          
          
          <TextLine ID="eSc_line_9e6a592c"
                    TAGREFS="LT11324"
                    BASELINE="1726 3695 1941 3657" 
                    HPOS="1715"
                    VPOS="3597"
                    WIDTH="226"
                    HEIGHT="135">
            <Shape><Polygon POINTS="1735 3732 1941 3675 1941 3657 1930 3597 1715 3634 1726 3695"/></Shape>
	    <String CONTENT="tionis"
                    HPOS="1715"
                    VPOS="3597"
                    WIDTH="226"
                    HEIGHT="135"
                    WC="0.9958930412928263"></String>
          </TextLine>

          
          
          <TextLine ID="eSc_line_cd7f88bb"
                    TAGREFS="LT11324"
                    BASELINE="2223 3634 3086 3566" 
                    HPOS="2217"
                    VPOS="3508"
                    WIDTH="869"
                    HEIGHT="172">
            <Shape><Polygon POINTS="2225 3680 2406 3652 2567 3652 2656 3652 2656 3649 2871 3632 2874 3632 2925 3614 2945 3609 2960 3612 3014 3620 3017 3620 3020 3620 3086 3597 3086 3566 3080 3526 3009 3508 3006 3508 3003 3508 2920 3537 2917 3537 2885 3517 2882 3517 2879 3517 2877 3517 2874 3517 2819 3543 2813 3546 2811 3546 2759 3526 2756 3526 2753 3526 2702 3531 2699 3531 2696 3531 2696 3534 2693 3534 2679 3554 2676 3557 2638 3557 2484 3551 2481 3551 2478 3551 2475 3551 2475 3554 2472 3554 2461 3569 2455 3577 2389 3580 2375 3577 2329 3560 2326 3560 2323 3560 2320 3560 2217 3586 2223 3634"/></Shape>
	    <String CONTENT="alia uud adiamantus"
                    HPOS="2217"
                    VPOS="3508"
                    WIDTH="869"
                    HEIGHT="172"
                    WC="0.9380800692658675"></String>
          </TextLine>

          
          
          <TextLine ID="eSc_line_31b7cdcd"
                    TAGREFS="LT11324"
                    BASELINE="1729 3775 2010 3726 2745 3672 3066 3629" 
                    HPOS="1723"
                    VPOS="3574"
                    WIDTH="1349"
                    HEIGHT="238">
            <Shape><Polygon POINTS="1838 3735 1812 3749 1792 3712 1723 3715 1729 3775 1732 3812 1775 3792 1804 3806 1812 3809 1815 3809 1818 3809 1881 3804 1884 3804 1887 3804 1887 3801 1890 3798 1913 3775 1967 3781 1970 3781 1973 3781 2007 3763 2028 3781 2030 3781 2033 3781 2036 3781 2039 3781 2073 3763 2137 3778 2151 3778 2154 3778 2246 3766 2248 3766 2251 3766 2274 3749 2332 3758 2346 3761 2349 3761 2352 3761 2355 3761 2360 3758 2409 3726 2472 3746 2475 3746 2478 3746 2481 3746 2484 3746 2532 3718 2621 3723 2624 3723 2627 3723 2716 3698 2796 3718 2802 3718 2805 3718 2808 3718 2811 3718 2871 3683 2920 3706 2922 3706 2925 3706 3072 3692 3066 3629 3049 3574 3011 3600 2922 3606 2882 3591 2868 3589 2865 3589 2862 3589 2859 3589 2842 3597 2799 3617 2707 3612 2699 3612 2696 3612 2693 3612 2684 3614 2616 3634 2570 3626 2538 3620 2535 3620 2455 3637 2403 3649 2386 3646 2346 3637 2343 3637 2340 3637 2289 3655 2248 3669 2228 3663 2194 3652 2191 3652 2188 3652 2185 3652 2128 3672 2096 3683 2071 3677 2010 3669 2007 3669 2005 3669 1962 3689 1887 3680 1884 3680 1867 3718"/></Shape>
	    <String CONTENT="eerrodum duns las Socurafium eu Glostum"
                    HPOS="1723"
                    VPOS="3574"
                    WIDTH="1349"
                    HEIGHT="238"
                    WC="0.9612903885352306"></String>
          </TextLine>

          
          
          <TextLine ID="eSc_line_02907fd3"
                    TAGREFS="LT11324"
                    BASELINE="1709 3861 1979 3818 3014 3718" 
                    HPOS="1701"
                    VPOS="3660"
                    WIDTH="1316"
                    HEIGHT="247">
            <Shape><Polygon POINTS="2690 3677 2627 3700 2529 3695 2527 3695 2524 3695 2521 3695 2486 3720 2429 3712 2426 3712 2423 3712 2420 3712 2420 3715 2418 3715 2406 3729 2372 3712 2369 3712 2366 3712 2363 3712 2360 3712 2323 3738 2225 3735 2223 3735 2220 3735 2137 3755 2071 3741 2068 3741 2065 3741 2062 3741 2030 3758 1904 3758 1901 3758 1898 3758 1853 3778 1844 3795 1818 3806 1784 3769 1701 3798 1709 3861 1712 3907 1847 3895 1850 3895 1853 3895 1893 3864 1941 3884 1944 3884 1947 3884 2056 3875 2171 3864 2174 3864 2191 3855 2260 3824 2481 3804 2535 3818 2561 3824 2564 3824 2567 3824 2570 3824 2604 3809 2656 3786 2710 3798 2750 3804 2753 3804 2756 3804 2759 3804 2759 3801 2770 3789 2773 3789 2785 3789 2854 3789 2856 3789 2859 3789 2862 3789 2862 3786 2871 3778 2885 3763 2911 3775 2931 3781 2934 3781 2937 3781 3017 3761 3014 3718 3006 3672 2911 3677 2877 3660 2874 3660 2871 3660 2868 3660 2865 3660 2865 3663 2862 3663 2845 3683 2782 3692 2696 3677 2693 3677"/></Shape>
	    <String CONTENT="higarestaium, uerverm aes did sarta"
                    HPOS="1701"
                    VPOS="3660"
                    WIDTH="1316"
                    HEIGHT="247"
                    WC="0.9349482791764395"></String>
          </TextLine>

          
        </TextBlock>
        
        <TextBlock HPOS="2716"
                   VPOS="4662"
                   WIDTH="240"
                   HEIGHT="128"
                   ID="r2"
                   TAGREFS="BT16581">
          <Shape><Polygon POINTS="2772 4662 2716 4790 2954 4789 2956 4665"/></Shape>
          
          
          <TextLine ID="eSc_line_634a8f2a"
                    TAGREFS="LT11324"
                    BASELINE="2756 4750 2917 4738" 
                    HPOS="2756"
                    VPOS="4666"
                    WIDTH="161"
                    HEIGHT="124">
            <Shape><Polygon POINTS="2865 4669 2836 4666 2808 4672 2779 4687 2756 4704 2756 4750 2756 4790 2757 4790 2917 4767 2917 4738 2908 4672 2894 4672"/></Shape>
	    <String CONTENT="123"
                    HPOS="2756"
                    VPOS="4666"
                    WIDTH="161"
                    HEIGHT="124"
                    WC="0.9969595273335775"></String>
          </TextLine>

          
        </TextBlock>
        

        
      </PrintSpace>
    </Page>
  </Layout>
</alto>
