4799 4344
3285 260 237 44 indetiuim

2585 282 1400 137 Planum est fectio solidic in duas partes eodem

2491 376 1506 116 modo se habentes ad sectionem, nisi quatenus termini

3220 448 734 114 sit solidi punctum quodque

2483 458 667 123 differentiam faciunt

3437 516 1234 133 duae partes sint X et Z quamin puncta epcitis te

2483 530 920 143 et ipsum solidum erit Y.

3143 603 243 79 simul X et.

3522 598 118 80 seu V

2450 620 212 94 ic X et

3171 627 848 133 e XZ sectio erit 3

4123 651 125 85 aV

2527 649 594 111 sectionis puncta erunt

3019 704 177 82 sit plana

2534 719 1627 130 dico ut sectio set planum, fore XZ sit planum, fore X.

2534 822 495 124 fore V. X ∞ Y

2636 946 1390 125 Si solidum interminatum secetur in duas

2505 1011 1603 140 duo segmenta eodem modo se habentia ad sectionem, sectio

2515 1073 1521 165 dicitur est planum interminatum et quicquid in hac

2520 1153 1470 157 sectione est dicitur esse in plano. El eplana est

2498 1240 1518 145 Et quod commune est diversis duabus partibus ejusdem totius

2464 1300 1523 160 quanum una in uno, altera in altero est segmento dicetur

2471 1402 331 143 figura plava

323 4119 871 63 SOTTFRIEDMILHIEIM LEIBNIIZ BIBLIOTHIEK

4084 4126 681 78 Sionatur. LH BB. 1. 12. (141T. 21 CC

296 4194 908 72 NIEDERSACHSISCIIE LANDESBIBLIOTHEK

4270 339 186 80 exclusis

4258 388 106 75 iata

4183 393 484 140 peterederminis
