3303 4789
109 95 1458 141 sunt ut 4. ad 3. Nulla tensionis ratione habita e

93 164 1522 160 seu etsi du priori non concordet, dante enim exou

82 244 1536 179 uno pede frebant duo, nunc ex duobus peditus

106 319 1701 194 supra Mercurium fiunt H. Tota enim Tubi vacuitas

109 412 1495 186 est capacitas (demto loco a TMercurio repleto) est

98 505 1496 181 5 pedum seu 20. a quibus demtis  manent 1.

95 590 1525 200 delabetur exus t Merurius ex cc dd  in ccc ddd. ita

87 726 1278 165 ut spatium ddd. B sit gA-cec sit .

1434 683 168 165 sin

111 811 1552 184 vero tensio sola aeri violenta est compressio non

122 893 1823 187 nisi per accidens, quatenus sequiturtensionem, tunc

1479 965 197 77 portioni

130 992 1711 173 tensionis gradus idem qui augmentum idem quod superiore

138 1061 1719 194 Casu, esse debet. Fuerat scilicet spatium sequens prioris

146 1146 1560 194 duplum, seu tensio ante lapsum dimidia spatiipost

122 1192 1983 215 lapsum ab eodem aere occupati,, ergo et nunc aerA-oc

130 1285 1956 234 qui occupai pedes duo  deeiti occupare pedes aquatuor

149 1383 1703 213 quatuor post lapsum, et proinde Mercurius labetur

170 1505 891 160 ex cc dd in cccC dddd.

1242 1457 506 134 Sin et Tensio

167 1556 1610 199 et compressio aeri violenta est conabitur utraque

154 1625 1637 194 retinere gradum mutationis priorem. Ergo ex

154 1705 2331 207 cum ante lapsumsiut I pes ped. occupentur ab aere

165 1806 1570 181 superiorie et  aera inferiotis post

138 1896 1687 216 lapsum er ( alaere superiore et 27 ab inferiore

141 2014 1538 191 tenebantur. Erunt in summa  pedum,

149 2133 1551 176 cum debeant esse, suppulelur ergo in regula

151 2274 812 133 trium 115 dant 585

425 2391 94 96 16

865 2304 710 167 16 quid dant 5 seu 2.

1618 2335 83 102 s

867 2429 40 103 2

1514 2370 106 112 10

878 2546 56 87 16

439 2655 540 111 115 -88 -

1290 2660 62 75 eg

726 2761 101 80 88

1269 2695 173 103 exf

1264 2735 285 117 ex O23

162 2886 1522 149 Nam si sola compressio aeri violenta est non etiam

138 3009 266 138 tensio,

726 3043 359 117 supra apertus

173 3056 1543 197 Esto Tubus ab. in quo Merc. cd descendens pend

194 3160 1480 173 Mercu aerem db. comprimitque ad certum usque

165 3251 1493 159 gradum  aerem spatii db. in aerem spatii dimidii

183 3320 1501 175 eb conpectatur Tubo in subum ab inseraturn

178 3421 1570 184 Tubus g. tantae longitudinis quanta db. Epistomio

180 3503 1587 181 aperto detur communicatio dividetur compressio per

215 3594 1653 176 totum, ebg. d. Nam L o occupat spatium

199 3676 1480 176 aer in cd.b. ocupat spatium dupli i  prioris, et fg.

204 3762 1494 156 occupatu spatium aequale priori. Sunt corpora

204 3828 1523 189 et spatias. . Ergo ut sit aequalitas seu corpora

210 3918 1642 189 4 spatia 3. distributa ergo aequaliter compressione

194 4001 1522 197 sempe quatuor partes aeris occupabunt tres

226 4083 1538 181 loci v. g. quatuor decimae partes aeris totius

194 4155 1546 195 occupabuat tres decimas partes loci. Quaeritur an b

194 4248 1533 189 apertum Epistomiumg inf in b. Mercurius

207 4336 1469 189 sit ultra descensuru. Et negatur, est enim eadem

239 4416 1621 165 in toto quantitas compressionis quam ante. Et demon

263 4501 1602 200 stratio haec est, ponatur descendeme lungius seu resistitu

2111 234 441 94 neamatrea

2044 2625 154 84 An

2938 4480 117 51 cet
