<?xml version="1.0" encoding="UTF-8"?>
<alto xmlns:xsi="http://www.w3.org/2001/XMLSchema-instance"
      xmlns="http://www.loc.gov/standards/alto/ns-v4#"
      xsi:schemaLocation="http://www.loc.gov/standards/alto/ns-v4# http://www.loc.gov/standards/alto/v4/alto-4-2.xsd">
  <Description>
    <MeasurementUnit>pixel</MeasurementUnit>
    <sourceImageInformation>
      <fileName>LH_37_3_0106r.jpg</fileName>
      
    </sourceImageInformation>
  </Description>
  
  <Tags>
    <OtherTag ID="BT16575" LABEL="MarginTextZone" DESCRIPTION="block type MarginTextZone"/><OtherTag ID="BT16576" LABEL="DamageZone" DESCRIPTION="block type DamageZone"/><OtherTag ID="BT16577" LABEL="DigitizationArtefactZone" DESCRIPTION="block type DigitizationArtefactZone"/><OtherTag ID="BT16578" LABEL="DropCapitalZone" DESCRIPTION="block type DropCapitalZone"/><OtherTag ID="BT16579" LABEL="GraphicZone" DESCRIPTION="block type GraphicZone"/><OtherTag ID="BT16581" LABEL="NumberingZone" DESCRIPTION="block type NumberingZone"/><OtherTag ID="BT16582" LABEL="QuireMarksZone" DESCRIPTION="block type QuireMarksZone"/><OtherTag ID="BT16583" LABEL="RunningTitleZone" DESCRIPTION="block type RunningTitleZone"/><OtherTag ID="BT16584" LABEL="SealZone" DESCRIPTION="block type SealZone"/><OtherTag ID="BT16585" LABEL="StampZone" DESCRIPTION="block type StampZone"/><OtherTag ID="BT27322" LABEL="text" DESCRIPTION="block type text"/><OtherTag ID="BT27323" LABEL="GraphicZone-formula-inline" DESCRIPTION="block type GraphicZone-formula-inline"/><OtherTag ID="BT27324" LABEL="GraphicZone-formula-complex" DESCRIPTION="block type GraphicZone-formula-complex"/><OtherTag ID="BT27325" LABEL="MainZone" DESCRIPTION="block type MainZone"/><OtherTag ID="BT27326" LABEL="GraphicZone-figure" DESCRIPTION="block type GraphicZone-figure"/><OtherTag ID="BT27327" LABEL="GraphicZone-formula-strikethrough" DESCRIPTION="block type GraphicZone-formula-strikethrough"/>
    <OtherTag ID="LT6926" LABEL="DefaultLine" DESCRIPTION="line type DefaultLine"/><OtherTag ID="LT6927" LABEL="HeadingLine" DESCRIPTION="line type HeadingLine"/><OtherTag ID="LT6928" LABEL="InterlinearLine" DESCRIPTION="line type InterlinearLine"/><OtherTag ID="LT11324" LABEL="default" DESCRIPTION="line type default"/>
  </Tags>
  
  <Layout>
    <Page WIDTH="2938"
          HEIGHT="4618"
          PHYSICAL_IMG_NR="281"
          ID="eSc_dummypage_">
      <PrintSpace HPOS="0"
                  VPOS="0"
                  WIDTH="2938"
                  HEIGHT="4618">
        
        <TextBlock HPOS="112"
                   VPOS="70"
                   WIDTH="2620"
                   HEIGHT="4449"
                   ID="r1"
                   TAGREFS="BT27325">
          <Shape><Polygon POINTS="116 4473 301 4519 1334 4452 1541 4435 1649 3701 1670 3591 1955 3559 1955 3530 1941 3447 1861 3438 1751 3444 1772 3294 1721 3165 1561 2697 1595 1915 1738 1880 1737 1831 1680 1332 1988 1310 1978 1158 1748 1171 1640 1183 1614 1090 1829 1058 1837 935 1585 926 1629 819 2691 784 2732 723 2653 538 2338 549 2183 659 1771 671 1574 655 1492 76 897 70 112 77"/></Shape>
          
          
          <TextLine ID="eSc_line_7fb76aba"
                    TAGREFS="LT11324"
                    BASELINE="118 187 780 159 1502 146" 
                    HPOS="115"
                    VPOS="92"
                    WIDTH="1388"
                    HEIGHT="144">
            <Shape><Polygon POINTS="1424 100 1398 100 1372 100 1347 100 1321 97 1295 97 1270 97 1244 97 1218 97 1211 97 1203 105 1200 105 1198 105 1175 97 1167 97 1141 94 1121 94 1111 105 1108 110 1064 112 1049 105 1028 94 1010 94 985 94 980 92 939 107 895 120 744 120 718 107 697 97 695 97 692 97 690 97 656 110 633 118 615 110 595 100 592 100 590 100 587 100 546 110 464 133 379 133 364 120 364 118 361 118 359 118 356 118 354 118 282 135 254 112 251 110 248 110 246 110 243 110 125 112 115 130 118 187 118 215 287 236 289 236 292 236 295 236 331 212 467 230 469 230 567 212 672 223 674 223 677 223 754 200 787 220 790 220 792 220 795 220 934 194 1021 212 1023 212 1026 212 1098 189 1100 189 1105 189 1347 205 1349 205 1352 205 1354 205 1354 202 1372 187 1434 197 1436 197 1439 197 1503 177 1503 154 1496 102 1465 100 1449 100"/></Shape>
	    <String CONTENT="dectorum quorundam virorum demonstrationesde"
                    HPOS="115"
                    VPOS="92"
                    WIDTH="1388"
                    HEIGHT="144"
                    WC="0.9810210236094214"></String>
          </TextLine>

          
          
          <TextLine ID="eSc_line_2eff57f2"
                    TAGREFS="LT11324"
                    BASELINE="112 300 456 266 1442 228" 
                    HPOS="112"
                    VPOS="166"
                    WIDTH="1330"
                    HEIGHT="170">
            <Shape><Polygon POINTS="164 336 166 336 169 336 210 323 230 315 261 320 323 328 325 328 328 328 372 312 407 302 531 305 592 307 595 307 597 307 600 307 605 302 618 295 759 295 818 295 821 295 839 292 903 277 1003 284 1126 292 1129 292 1131 292 1198 274 1249 261 1290 269 1352 282 1354 282 1357 282 1359 282 1380 266 1393 256 1439 261 1442 228 1436 177 1390 166 1388 166 1385 166 1383 166 1380 166 1354 182 1336 194 1208 197 1195 192 1167 177 1164 177 1162 177 1159 177 1121 192 1093 179 1090 179 1087 179 1085 179 1044 200 1028 207 951 210 921 205 839 189 836 189 833 189 774 207 746 200 744 200 741 200 738 200 736 200 736 202 718 215 713 220 697 218 613 200 610 200 608 200 554 225 543 230 441 233 428 230 343 212 341 212 338 212 336 212 336 215 310 238 307 238 300 238 161 220 159 220 156 220 112 240 112 325"/></Shape>
	    <String CONTENT="Almosphaerae aereae altitudine ex Baroscoprio"
                    HPOS="112"
                    VPOS="166"
                    WIDTH="1330"
                    HEIGHT="170"
                    WC="0.9630925708346897"></String>
          </TextLine>

          
          
          <TextLine ID="eSc_line_4fa48757"
                    TAGREFS="LT11324"
                    BASELINE="125 377 1480 310" 
                    HPOS="120"
                    VPOS="256"
                    WIDTH="1360"
                    HEIGHT="164">
            <Shape><Polygon POINTS="128 420 182 405 215 418 223 420 225 420 228 420 379 413 382 413 384 413 384 410 387 410 400 397 410 407 413 407 415 407 418 407 423 407 546 389 582 400 590 402 592 402 595 402 597 402 605 400 646 382 672 397 674 397 677 397 679 397 682 397 690 395 759 377 821 389 826 389 828 389 831 389 833 389 859 369 957 366 982 382 985 382 987 382 990 382 993 382 995 382 1067 361 1213 369 1216 369 1326 348 1477 359 1480 310 1472 256 1408 269 1385 261 1375 256 1372 256 1370 256 1367 256 1347 261 1311 274 1275 266 1218 256 1216 256 1213 256 1170 274 1144 284 1062 287 1044 279 1023 271 1021 271 1018 271 1016 271 1013 271 995 284 985 289 964 284 916 274 913 274 749 279 746 279 679 302 669 307 487 315 474 315 387 297 384 297 382 297 379 297 351 320 351 323 279 325 274 325 177 307 174 307 171 307 120 330 125 377"/></Shape>
	    <String CONTENT="frustra fuere docti quidam Viri qui certas de Aeris"
                    HPOS="120"
                    VPOS="256"
                    WIDTH="1360"
                    HEIGHT="164"
                    WC="0.9675012371119331"></String>
          </TextLine>

          
          
          <TextLine ID="eSc_line_e13b3a46"
                    TAGREFS="LT11324"
                    BASELINE="120 472 1026 413 1490 397" 
                    HPOS="115"
                    VPOS="338"
                    WIDTH="1375"
                    HEIGHT="177">
            <Shape><Polygon POINTS="123 515 264 492 479 492 513 492 515 492 518 492 523 490 564 472 733 474 736 474 738 474 772 461 808 472 818 474 821 474 823 474 826 474 839 469 874 451 1005 446 1026 456 1036 461 1039 461 1041 461 1044 461 1072 454 1134 438 1185 446 1216 451 1218 451 1221 451 1239 443 1270 428 1490 425 1490 397 1485 348 1380 338 1377 338 1375 338 1347 354 1339 359 1229 361 1221 359 1200 343 1198 343 1195 343 1193 343 1039 346 905 354 903 354 849 374 815 387 782 377 733 364 731 364 728 364 618 372 615 372 585 387 551 402 461 397 459 397 246 420 218 402 212 397 210 397 207 397 205 397 115 405 120 472"/></Shape>
	    <String CONTENT="Aereae massae altitudine demonstrationes condere"
                    HPOS="115"
                    VPOS="338"
                    WIDTH="1375"
                    HEIGHT="177"
                    WC="0.9913055760165056"></String>
          </TextLine>

          
          
          <TextLine ID="eSc_line_a7dae9f7"
                    TAGREFS="LT11324"
                    BASELINE="125 546 1444 469" 
                    HPOS="120"
                    VPOS="415"
                    WIDTH="1324"
                    HEIGHT="169">
            <Shape><Polygon POINTS="125 572 279 584 282 584 284 584 287 584 287 582 307 564 310 559 425 556 431 559 443 569 446 569 449 569 451 569 454 569 479 556 482 556 549 572 551 572 654 566 656 566 703 546 710 543 715 546 749 559 751 559 754 559 921 536 959 531 964 533 980 546 982 546 985 546 987 546 1041 543 1044 543 1072 528 1095 515 1190 523 1203 523 1205 523 1208 523 1211 523 1226 507 1247 520 1262 531 1265 531 1267 531 1270 531 1272 531 1275 531 1293 518 1306 510 1324 518 1349 525 1352 525 1354 525 1444 510 1444 469 1439 433 1311 415 1308 415 1306 415 1303 415 1262 441 1134 425 1131 425 1129 425 1036 451 1016 436 1016 433 1013 433 1010 433 1008 433 1005 433 977 446 962 436 959 436 957 436 954 436 951 436 949 436 928 448 869 441 867 441 864 441 862 441 862 443 844 459 744 448 741 448 738 448 736 448 736 451 718 472 697 461 695 461 692 461 592 479 538 464 536 464 533 464 531 464 528 464 528 466 505 484 405 479 402 479 202 502 135 492 133 492 130 492 128 492 128 495 125 495 120 497 125 546"/></Shape>
	    <String CONTENT="conati  sunt, supposita scilicet aeris"
                    HPOS="120"
                    VPOS="415"
                    WIDTH="1324"
                    HEIGHT="169"
                    WC="0.9821139432882008"></String>
          </TextLine>

          
          
          <TextLine ID="eSc_line_72b4451d"
                    TAGREFS="LT11324"
                    BASELINE="120 633 1087 564 1506 543" 
                    HPOS="115"
                    VPOS="482"
                    WIDTH="1391"
                    HEIGHT="182">
            <Shape><Polygon POINTS="120 659 282 651 295 651 382 664 384 664 387 664 461 641 469 641 474 641 533 651 536 651 538 651 541 651 564 636 577 628 633 631 710 636 713 636 715 636 736 625 749 618 777 623 836 633 839 633 841 633 905 615 951 602 1049 605 1170 610 1172 610 1229 605 1231 605 1234 605 1234 602 1244 595 1259 582 1311 590 1362 597 1365 597 1506 577 1506 543 1498 482 1308 510 1223 500 1162 492 1159 492 1085 497 1082 497 1057 510 1021 531 926 533 903 523 903 520 900 520 898 520 895 520 892 520 882 523 821 543 733 536 731 536 728 536 726 536 703 551 595 546 592 546 590 546 520 564 492 551 474 541 472 541 469 541 405 543 295 551 292 551 289 551 289 554 277 564 274 566 271 566 248 559 246 559 243 559 241 559 215 569 171 587 151 574 143 566 141 566 138 566 135 566 133 566 115 572 120 633"/></Shape>
	    <String CONTENT="homogeneitate, qua tamen nihil incertius imo"
                    HPOS="115"
                    VPOS="482"
                    WIDTH="1391"
                    HEIGHT="182"
                    WC="0.9645519378510389"></String>
          </TextLine>

          
          
          <TextLine ID="eSc_line_0b2fe0d7"
                    TAGREFS="LT11324"
                    BASELINE="2304 625 2399 615 2632 620" 
                    HPOS="2301"
                    VPOS="574"
                    WIDTH="331"
                    HEIGHT="108">
            <Shape><Polygon POINTS="2583 595 2558 590 2532 587 2506 584 2481 582 2455 579 2445 577 2427 582 2404 574 2378 582 2352 597 2327 610 2304 620 2304 625 2301 682 2424 682 2424 679 2427 679 2429 679 2442 669 2481 641 2627 651 2632 620 2619 597 2609 597"/></Shape>
	    <String CONTENT="expamt"
                    HPOS="2301"
                    VPOS="574"
                    WIDTH="331"
                    HEIGHT="108"
                    WC="0.9875278274218241"></String>
          </TextLine>

          
          
          <TextLine ID="eSc_line_b8ed7e60"
                    TAGREFS="LT11324"
                    BASELINE="148 715 1093 636 1480 615" 
                    HPOS="143"
                    VPOS="559"
                    WIDTH="1337"
                    HEIGHT="182">
            <Shape><Polygon POINTS="148 738 336 741 338 741 341 741 343 741 364 723 366 723 402 738 405 738 407 738 579 713 751 713 751 710 754 710 805 692 828 685 867 687 954 695 957 695 959 695 962 695 982 679 993 672 1026 674 1087 682 1090 682 1093 682 1129 669 1152 659 1185 664 1236 672 1239 672 1241 672 1275 656 1290 651 1306 656 1336 664 1339 664 1341 664 1480 641 1480 615 1467 559 1452 574 1205 592 1136 587 1085 582 1082 582 1080 582 1077 582 1077 584 1075 584 1069 592 1062 605 928 605 887 605 885 605 839 613 715 631 697 623 679 615 677 615 674 615 561 620 559 620 556 620 531 638 528 638 523 638 467 628 464 628 461 628 420 646 400 656 369 651 310 641 307 641 205 649 202 649 143 669 148 715"/></Shape>
	    <String CONTENT="nihil a versimilitudine acienius, cum aerem in"
                    HPOS="143"
                    VPOS="559"
                    WIDTH="1337"
                    HEIGHT="182"
                    WC="0.9694509376650271"></String>
          </TextLine>

          
          
          <TextLine ID="eSc_line_3f62d61b"
                    TAGREFS="LT11324"
                    BASELINE="151 785 1539 679" 
                    HPOS="146"
                    VPOS="641"
                    WIDTH="1393"
                    HEIGHT="192">
            <Shape><Polygon POINTS="153 833 254 828 256 828 261 826 359 790 449 808 451 808 454 808 461 808 564 782 600 792 623 800 626 800 628 800 787 787 790 787 792 787 813 772 839 754 880 767 885 767 887 767 890 767 892 767 895 767 898 764 913 751 949 759 954 759 957 759 959 759 962 759 985 744 1121 744 1146 744 1146 741 1167 738 1236 723 1262 728 1321 741 1324 741 1539 700 1539 679 1534 643 1331 656 1280 641 1277 641 1275 641 1108 654 1105 654 1103 654 1069 677 1067 677 975 664 972 664 969 664 967 664 941 685 908 669 905 669 903 669 900 669 898 669 869 692 867 692 769 679 767 679 764 679 721 702 669 690 667 690 664 690 662 690 620 710 533 697 531 697 528 697 526 697 492 720 490 723 351 731 313 733 266 718 264 718 261 718 259 718 215 741 212 744 146 746 151 785"/></Shape>
	    <String CONTENT="celhore loco dilatare sese in quantam per minorem"
                    HPOS="146"
                    VPOS="641"
                    WIDTH="1393"
                    HEIGHT="192"
                    WC="0.9740841656315083"></String>
          </TextLine>

          
          
          <TextLine ID="eSc_line_55d341c5"
                    TAGREFS="LT11324"
                    BASELINE="138 864 1734 736 2673 692" 
                    HPOS="133"
                    VPOS="656"
                    WIDTH="2540"
                    HEIGHT="267">
            <Shape><Polygon POINTS="2617 656 2591 656 2565 656 2540 659 2514 659 2488 659 2463 659 2437 659 2411 661 2386 661 2360 661 2345 661 2337 661 2335 661 2309 661 2283 664 2258 664 2232 664 2206 664 2183 664 2124 674 2091 679 2075 677 2011 667 2001 669 1975 669 1950 669 1942 669 1891 690 1875 695 1855 692 1739 674 1737 674 1734 674 1688 687 1629 679 1626 679 1470 692 1467 692 1362 720 1277 705 1275 705 910 746 844 736 841 736 839 736 792 761 767 777 626 782 608 772 595 767 592 767 590 767 587 767 561 777 526 790 477 782 418 772 415 772 413 772 369 787 307 782 305 782 302 782 300 782 282 795 259 808 220 797 205 795 202 795 200 795 133 803 138 864 146 923 254 892 418 897 420 897 423 897 477 874 567 885 569 885 572 885 674 859 744 877 746 877 749 877 751 877 928 867 931 867 946 862 982 846 1036 851 1039 851 1041 851 1113 818 1611 785 1706 800 1749 808 1752 808 1755 808 1806 792 1880 772 1965 779 2037 787 2039 787 2388 761 2391 761 2445 744 2506 720 2673 723 2673 692 2666 656 2642 656"/></Shape>
	    <String CONTENT="incumbentis pressionem, potest rabitatem non sit et fortasse in altitidinem quandam indicibilem"
                    HPOS="133"
                    VPOS="656"
                    WIDTH="2540"
                    HEIGHT="267"
                    WC="0.9602558029325385"></String>
          </TextLine>

          
          
          <TextLine ID="eSc_line_79478c67"
                    TAGREFS="LT11324"
                    BASELINE="141 933 662 910 1118 862 1601 828" 
                    HPOS="138"
                    VPOS="772"
                    WIDTH="1465"
                    HEIGHT="210">
            <Shape><Polygon POINTS="141 972 323 982 325 982 328 982 331 982 364 956 366 956 374 956 492 962 495 962 497 962 554 944 587 962 590 962 592 962 651 959 654 959 708 933 862 944 864 944 867 944 977 913 980 913 982 913 1157 923 1159 923 1162 923 1164 923 1200 897 1236 915 1239 915 1241 915 1341 910 1344 910 1452 879 1554 895 1557 895 1560 895 1562 895 1603 869 1601 828 1593 772 1498 779 1495 779 1493 779 1493 782 1490 782 1475 803 1413 792 1411 792 1408 792 1316 815 1275 800 1270 797 1267 797 1265 797 1262 797 1259 797 1254 803 1241 813 1218 805 1203 800 1200 800 1198 800 1146 810 1105 820 1072 818 1010 813 1008 813 1005 813 975 828 926 851 759 862 738 849 731 841 728 841 726 841 723 841 721 841 718 841 703 851 677 869 572 874 554 867 546 859 543 859 541 859 538 859 536 859 500 872 479 877 469 874 446 864 443 864 441 864 438 864 436 864 436 867 420 877 413 885 392 879 346 872 343 872 341 872 338 872 315 887 310 890 300 890 233 879 230 879 228 879 225 879 200 897 195 903 138 903 141 933"/></Shape>
	    <String CONTENT="ex expe institutis in aere nostro experimentis"
                    HPOS="138"
                    VPOS="772"
                    WIDTH="1465"
                    HEIGHT="210"
                    WC="0.966414406247761"></String>
          </TextLine>

          
          
          <TextLine ID="eSc_line_8a4df2b3"
                    TAGREFS="LT11324"
                    BASELINE="133 1033 574 998" 
                    HPOS="128"
                    VPOS="933"
                    WIDTH="446"
                    HEIGHT="157">
            <Shape><Polygon POINTS="141 1090 174 1062 220 1069 223 1069 323 1049 372 1072 382 1074 384 1074 387 1074 523 1057 526 1057 528 1057 551 1039 572 1054 574 998 567 933 456 941 454 941 451 941 443 949 420 967 377 956 341 951 338 951 336 951 333 951 313 967 295 980 243 980 236 977 207 962 205 962 202 962 200 962 197 962 197 964 177 985 177 987 128 990 133 1033"/></Shape>
	    <String CONTENT="judicari possit"
                    HPOS="128"
                    VPOS="933"
                    WIDTH="446"
                    HEIGHT="157"
                    WC="0.9869524161020915"></String>
          </TextLine>

          
          
          <TextLine ID="eSc_line_d9f656de"
                    TAGREFS="LT11324"
                    BASELINE="236 1123 1131 1044 1578 1018 1816 1018" 
                    HPOS="228"
                    VPOS="954"
                    WIDTH="1588"
                    HEIGHT="223">
            <Shape><Polygon POINTS="1711 954 1680 969 1678 972 1655 972 1536 967 1534 967 1531 967 1503 980 1465 962 1462 962 1460 962 1457 962 1454 962 1416 985 1411 990 1285 1000 1275 995 1226 964 1223 964 1221 964 1218 964 1085 992 869 992 867 992 864 992 862 992 826 1021 821 1026 713 1049 613 1049 590 1033 556 1018 554 1018 551 1018 549 1018 505 1039 446 1067 405 1057 402 1057 400 1057 397 1057 395 1057 395 1059 382 1072 338 1049 313 1036 310 1036 307 1036 228 1054 236 1123 241 1177 307 1159 456 1159 459 1159 461 1159 523 1126 608 1139 610 1139 613 1139 644 1126 646 1121 667 1118 731 1095 934 1082 1008 1098 1010 1098 1013 1098 1016 1098 1016 1095 1036 1072 1093 1069 1172 1095 1175 1095 1177 1095 1180 1095 1229 1072 1290 1085 1293 1085 1295 1085 1354 1062 1485 1067 1488 1067 1490 1067 1493 1067 1493 1064 1495 1064 1508 1049 1565 1069 1570 1072 1572 1072 1575 1072 1816 1049 1816 1018 1808 964 1737 967 1721 954 1714 954"/></Shape>
	    <String CONTENT="Non est tamen ndinegandum"
                    HPOS="228"
                    VPOS="954"
                    WIDTH="1588"
                    HEIGHT="223"
                    WC="0.947707269191742"></String>
          </TextLine>

          
          
          <TextLine ID="eSc_line_bd0927c6"
                    TAGREFS="LT11324"
                    BASELINE="641 1126 695 1121" 
                    HPOS="636"
                    VPOS="1085"
                    WIDTH="61"
                    HEIGHT="87">
            <Shape><Polygon POINTS="662 1087 636 1087 641 1126 644 1172 669 1169 695 1167 697 1167 695 1121 690 1085 687 1085"/></Shape>
	    <String CONTENT="id"
                    HPOS="636"
                    VPOS="1085"
                    WIDTH="61"
                    HEIGHT="87"
                    WC="0.9944933950901031"></String>
          </TextLine>

          
          
          <TextLine ID="eSc_line_ed1de0ef"
                    TAGREFS="LT11324"
                    BASELINE="266 1218 348 1200 1069 1141 1200 1116 1598 1100" 
                    HPOS="261"
                    VPOS="1033"
                    WIDTH="1340"
                    HEIGHT="211">
            <Shape><Polygon POINTS="266 1226 361 1244 364 1244 518 1210 569 1200 587 1205 620 1218 623 1218 626 1218 628 1218 672 1200 674 1200 677 1200 703 1213 705 1213 708 1213 710 1213 749 1195 774 1185 880 1187 951 1190 954 1190 957 1190 975 1182 1003 1169 1023 1180 1052 1190 1054 1190 1057 1190 1167 1182 1170 1182 1172 1182 1195 1167 1218 1154 1252 1164 1259 1167 1262 1167 1265 1167 1267 1167 1280 1162 1347 1139 1380 1139 1403 1154 1411 1162 1413 1162 1416 1162 1418 1162 1601 1141 1598 1100 1593 1057 1542 1033 1539 1033 1536 1033 1534 1033 1460 1059 1444 1046 1442 1046 1439 1046 1436 1046 1434 1046 1431 1046 1398 1074 1395 1077 1385 1074 1313 1051 1311 1051 1308 1051 1306 1051 1303 1051 1303 1054 1285 1069 1241 1057 1239 1057 1236 1057 1234 1057 1182 1077 1036 1072 1034 1072 1031 1072 1028 1072 990 1103 987 1108 977 1105 941 1092 939 1092 936 1092 934 1092 887 1110 877 1118 626 1136 615 1131 582 1108 579 1108 577 1108 574 1108 572 1108 569 1108 569 1110 549 1128 518 1116 515 1116 513 1116 510 1116 508 1116 508 1118 505 1118 487 1141 482 1149 364 1157 346 1151 302 1139 300 1139 297 1139 295 1139 261 1154 266 1218"/></Shape>
	    <String CONTENT="Gravitatem totiusmassoe alicujus Massae"
                    HPOS="261"
                    VPOS="1033"
                    WIDTH="1340"
                    HEIGHT="211"
                    WC="0.928618277494724"></String>
          </TextLine>

          
          
          <TextLine ID="eSc_line_2c93ac79"
                    TAGREFS="LT11324"
                    BASELINE="174 1293 1195 1203 1544 1190" 
                    HPOS="166"
                    VPOS="1128"
                    WIDTH="1378"
                    HEIGHT="213">
            <Shape><Polygon POINTS="266 1213 166 1221 174 1293 179 1341 279 1313 343 1326 351 1326 354 1326 356 1326 364 1323 420 1300 490 1310 513 1313 515 1313 518 1313 520 1313 531 1305 554 1290 590 1300 600 1303 602 1303 605 1303 608 1303 610 1303 610 1300 615 1298 623 1290 644 1295 672 1300 674 1300 882 1282 885 1282 923 1267 959 1249 1049 1244 1149 1244 1280 1244 1280 1241 1282 1241 1285 1241 1285 1239 1288 1239 1295 1228 1300 1223 1334 1223 1503 1231 1506 1231 1508 1231 1511 1231 1544 1203 1544 1190 1539 1144 1377 1154 1375 1151 1336 1128 1334 1128 1331 1128 1329 1128 1326 1128 1324 1128 1285 1157 1275 1164 1249 1159 1195 1149 1193 1149 1190 1149 1162 1164 1146 1172 1126 1167 1098 1159 1095 1159 1093 1159 1090 1159 1087 1159 1072 1169 1049 1182 993 1175 987 1175 985 1175 982 1175 980 1175 931 1190 905 1180 874 1167 872 1167 869 1167 867 1167 864 1167 846 1182 831 1192 751 1190 749 1190 746 1190 744 1190 715 1210 674 1192 662 1187 659 1187 656 1187 531 1192 528 1192 484 1203 343 1241 295 1216 289 1213 269 1218"/></Shape>
	    <String CONTENT="Elaterium habentis, qualis est aerea plurimum"
                    HPOS="166"
                    VPOS="1128"
                    WIDTH="1378"
                    HEIGHT="213"
                    WC="0.9929295288191902"></String>
          </TextLine>

          
          
          <TextLine ID="eSc_line_fa0e074a"
                    TAGREFS="LT11324"
                    BASELINE="166 1357 423 1352 1588 1251 1968 1234" 
                    HPOS="164"
                    VPOS="1180"
                    WIDTH="1806"
                    HEIGHT="249">
            <Shape><Polygon POINTS="1927 1187 1919 1185 1814 1185 1811 1185 1739 1200 1651 1182 1640 1183 1639 1180 1639 1180 1542 1187 1542 1192 1516 1192 1513 1192 1454 1221 1424 1205 1421 1205 1418 1205 1416 1205 1380 1218 1252 1210 1249 1210 1247 1210 1244 1210 1198 1239 1185 1246 1146 1241 1034 1228 1031 1228 951 1236 949 1236 895 1259 864 1275 667 1285 615 1280 546 1269 543 1269 541 1269 538 1269 520 1285 500 1303 348 1313 284 1300 274 1300 271 1300 269 1300 256 1303 200 1321 164 1310 166 1357 169 1413 241 1429 243 1429 246 1429 248 1429 279 1408 305 1393 366 1393 415 1400 502 1413 505 1413 508 1413 561 1398 592 1413 608 1413 610 1411 662 1385 672 1380 710 1382 744 1385 746 1385 749 1385 772 1380 833 1362 864 1375 898 1387 900 1387 903 1387 905 1387 954 1370 1016 1344 1136 1349 1139 1349 1141 1349 1144 1349 1185 1323 1308 1326 1311 1326 1313 1326 1316 1326 1336 1308 1526 1295 1619 1300 1667 1326 1678 1331 1680 1331 1683 1331 1970 1308 1968 1234 1962 1187 1952 1187"/></Shape>
	    <String CONTENT="influere in specficam, pondus enim molis incumbeatis superioris."
                    HPOS="164"
                    VPOS="1180"
                    WIDTH="1806"
                    HEIGHT="249"
                    WC="0.9707019561901689"></String>
          </TextLine>

          
          
          <TextLine ID="eSc_line_a490540e"
                    TAGREFS="LT11324"
                    BASELINE="156 1446 959 1393 1313 1354 1562 1344" 
                    HPOS="153"
                    VPOS="1282"
                    WIDTH="1409"
                    HEIGHT="208">
            <Shape><Polygon POINTS="159 1490 302 1490 305 1490 346 1477 382 1467 433 1470 515 1475 518 1475 520 1475 523 1475 541 1459 556 1446 577 1454 579 1454 582 1454 585 1454 626 1439 669 1449 715 1459 718 1459 857 1449 859 1449 895 1431 910 1444 913 1444 916 1444 918 1444 921 1444 923 1444 954 1423 959 1421 967 1423 1016 1439 1018 1439 1021 1439 1023 1439 1077 1413 1095 1405 1141 1408 1198 1411 1200 1411 1203 1411 1236 1400 1244 1398 1249 1398 1295 1411 1298 1411 1300 1411 1303 1411 1306 1411 1339 1390 1347 1385 1562 1370 1562 1344 1552 1282 1339 1295 1336 1295 1306 1303 1257 1318 1229 1310 1203 1305 1200 1305 1198 1305 1195 1305 1172 1316 1141 1331 1080 1326 1075 1326 1072 1326 1069 1326 1067 1326 1016 1352 872 1359 846 1346 826 1336 823 1336 821 1336 818 1336 767 1354 723 1370 654 1364 636 1364 633 1364 631 1364 628 1364 628 1367 626 1367 618 1380 479 1387 443 1385 302 1370 300 1370 297 1370 295 1370 251 1403 248 1405 153 1411 156 1446"/></Shape>
	    <String CONTENT="auget inferioris, compressionem seu densitatem"
                    HPOS="153"
                    VPOS="1282"
                    WIDTH="1409"
                    HEIGHT="208"
                    WC="0.9971225896607274"></String>
          </TextLine>

          
          
          <TextLine ID="eSc_line_6a6df85a"
                    TAGREFS="LT11324"
                    BASELINE="141 1536 1052 1457 1624 1429" 
                    HPOS="135"
                    VPOS="1357"
                    WIDTH="1489"
                    HEIGHT="218">
            <Shape><Polygon POINTS="143 1575 446 1559 449 1559 451 1559 469 1547 482 1541 520 1541 577 1544 579 1544 582 1544 615 1534 646 1523 654 1529 667 1539 669 1539 672 1539 674 1539 741 1534 744 1534 774 1518 813 1498 926 1503 967 1505 969 1505 972 1505 998 1498 1044 1482 1075 1490 1141 1505 1144 1505 1146 1505 1195 1477 1216 1467 1254 1472 1336 1485 1339 1485 1341 1485 1344 1485 1344 1482 1347 1482 1359 1464 1485 1457 1501 1470 1501 1472 1503 1472 1506 1472 1508 1472 1511 1472 1513 1472 1557 1444 1565 1439 1624 1436 1624 1429 1619 1372 1567 1357 1565 1357 1562 1357 1560 1357 1503 1377 1485 1364 1483 1364 1480 1364 1477 1364 1352 1372 1349 1372 1236 1405 1221 1408 1218 1405 1198 1387 1195 1387 1193 1387 1190 1387 1121 1390 1118 1390 1116 1390 1116 1393 1113 1393 1098 1413 1072 1418 1046 1421 1036 1421 954 1403 951 1403 949 1403 895 1431 864 1423 862 1423 859 1423 762 1441 746 1444 741 1444 690 1423 687 1423 685 1423 682 1423 628 1441 587 1431 585 1431 582 1431 579 1431 577 1431 541 1459 538 1462 413 1470 392 1470 356 1452 354 1452 351 1452 348 1452 346 1452 346 1454 343 1454 328 1477 325 1477 135 1490 141 1536"/></Shape>
	    <String CONTENT="ac proinde gravitatem specificam At vero h"
                    HPOS="135"
                    VPOS="1357"
                    WIDTH="1489"
                    HEIGHT="218"
                    WC="0.967119296391805"></String>
          </TextLine>

          
          
          <TextLine ID="eSc_line_5dc356d5"
                    TAGREFS="LT11324"
                    BASELINE="143 1621 949 1559 1424 1508 1665 1503" 
                    HPOS="138"
                    VPOS="1439"
                    WIDTH="1527"
                    HEIGHT="228">
            <Shape><Polygon POINTS="143 1649 192 1667 195 1667 197 1667 200 1667 271 1647 297 1659 300 1659 302 1659 305 1659 307 1659 307 1657 333 1634 336 1634 348 1634 495 1644 497 1644 500 1644 502 1644 536 1621 546 1616 567 1621 590 1623 592 1623 595 1623 618 1616 656 1606 674 1613 703 1626 705 1626 708 1626 877 1613 880 1613 882 1613 882 1611 895 1598 900 1595 954 1595 1003 1595 1005 1595 1008 1595 1021 1590 1072 1572 1108 1585 1129 1593 1131 1593 1134 1593 1136 1593 1164 1582 1185 1575 1221 1577 1259 1582 1262 1582 1265 1582 1267 1582 1267 1580 1275 1575 1295 1552 1578 1531 1665 1549 1665 1503 1660 1449 1639 1439 1637 1439 1634 1439 1631 1439 1454 1452 1452 1452 1398 1477 1388 1482 1385 1480 1362 1459 1359 1459 1357 1459 1354 1459 1324 1462 1321 1462 1272 1485 1239 1475 1236 1475 1234 1475 1231 1475 1167 1498 1162 1498 1159 1498 1072 1482 1069 1482 1067 1482 1064 1482 1028 1508 1021 1516 900 1523 892 1521 864 1511 862 1511 859 1511 857 1511 854 1511 831 1526 826 1531 715 1539 710 1536 672 1516 669 1516 667 1516 592 1521 590 1521 587 1521 554 1549 551 1554 382 1564 331 1549 328 1549 325 1549 323 1549 320 1549 292 1567 266 1557 264 1557 261 1557 259 1557 256 1557 230 1577 230 1580 138 1585 143 1621"/></Shape>
	    <String CONTENT="connexio ista utriusque gravitatis, negoita perpeluau"
                    HPOS="138"
                    VPOS="1439"
                    WIDTH="1527"
                    HEIGHT="228"
                    WC="0.9560756261618633"></String>
          </TextLine>

          
          
          <TextLine ID="eSc_line_5dd18a58"
                    TAGREFS="LT11324"
                    BASELINE="148 1693 413 1683 1218 1611 1624 1585" 
                    HPOS="143"
                    VPOS="1521"
                    WIDTH="1481"
                    HEIGHT="215">
            <Shape><Polygon POINTS="1501 1526 1498 1526 1495 1526 1495 1529 1493 1529 1472 1554 1421 1557 1375 1539 1367 1536 1365 1536 1362 1536 1293 1541 1290 1541 1288 1541 1282 1547 1252 1570 1195 1575 1093 1562 1069 1559 1067 1559 1064 1559 1052 1564 1003 1590 967 1572 962 1570 959 1570 957 1570 954 1570 951 1570 951 1572 949 1572 928 1598 721 1613 685 1595 682 1593 679 1593 677 1593 623 1595 592 1600 461 1634 428 1616 423 1613 420 1613 418 1613 415 1613 413 1613 410 1616 387 1636 348 1621 338 1618 336 1618 333 1618 331 1618 320 1623 269 1649 143 1639 148 1693 151 1724 254 1718 256 1718 305 1736 307 1736 310 1736 313 1736 361 1721 469 1724 472 1724 474 1724 515 1700 526 1695 543 1700 595 1713 597 1713 600 1713 723 1703 726 1703 728 1703 728 1700 744 1688 749 1683 756 1685 785 1695 787 1695 790 1695 792 1695 826 1683 857 1670 946 1672 1039 1677 1041 1677 1044 1677 1046 1677 1046 1675 1057 1667 1064 1654 1267 1634 1354 1647 1357 1647 1359 1647 1362 1647 1365 1647 1475 1618 1624 1629 1624 1585 1616 1521"/></Shape>
	    <String CONTENT="neque ita universalis, neque ita secura ex ut contenti"
                    HPOS="143"
                    VPOS="1521"
                    WIDTH="1481"
                    HEIGHT="215"
                    WC="0.9844375992262805"></String>
          </TextLine>

          
          
          <TextLine ID="eSc_line_173d0747"
                    TAGREFS="LT11324"
                    BASELINE="143 1780 1593 1675" 
                    HPOS="138"
                    VPOS="1629"
                    WIDTH="1455"
                    HEIGHT="205">
            <Shape><Polygon POINTS="146 1824 169 1813 182 1824 192 1834 195 1834 197 1834 200 1834 202 1834 241 1818 261 1811 282 1816 320 1826 323 1826 325 1826 328 1826 331 1826 348 1811 354 1808 379 1808 531 1811 533 1811 536 1811 572 1793 582 1788 595 1790 636 1803 638 1803 641 1803 644 1803 646 1803 646 1801 664 1785 667 1780 674 1785 700 1798 703 1798 705 1798 782 1793 785 1793 787 1793 813 1775 839 1754 941 1749 967 1762 982 1770 985 1770 987 1770 990 1770 1013 1757 1036 1744 1052 1754 1054 1757 1057 1757 1059 1757 1062 1757 1100 1752 1241 1726 1272 1736 1311 1752 1313 1752 1316 1752 1318 1752 1365 1731 1395 1713 1593 1711 1593 1675 1588 1631 1388 1649 1380 1647 1347 1629 1344 1629 1341 1629 1339 1629 1336 1629 1336 1631 1316 1652 1280 1634 1277 1634 1275 1634 1211 1636 1208 1636 1205 1636 1205 1639 1180 1662 1172 1670 1141 1670 1126 1665 1077 1647 1075 1647 1072 1647 1069 1647 1067 1647 1034 1672 1028 1677 967 1683 939 1680 826 1665 823 1665 821 1665 705 1698 682 1703 667 1700 628 1693 626 1693 623 1693 620 1693 620 1695 618 1695 610 1706 608 1708 595 1706 508 1688 505 1688 502 1688 500 1688 500 1690 472 1716 469 1716 443 1695 441 1695 438 1695 436 1695 433 1695 313 1726 295 1731 292 1729 266 1708 264 1708 261 1708 223 1708 220 1708 218 1708 138 1736 143 1780"/></Shape>
	    <String CONTENT="esse cum ratione possimus instrument uno ad"
                    HPOS="138"
                    VPOS="1629"
                    WIDTH="1455"
                    HEIGHT="205"
                    WC="0.9776595331901727"></String>
          </TextLine>

          
          
          <TextLine ID="eSc_line_b22afcc5"
                    TAGREFS="LT11324"
                    BASELINE="148 1862 1367 1765 1570 1757" 
                    HPOS="143"
                    VPOS="1703"
                    WIDTH="1427"
                    HEIGHT="203">
            <Shape><Polygon POINTS="153 1906 187 1888 287 1890 289 1890 292 1890 295 1890 295 1888 315 1870 364 1890 374 1893 377 1893 379 1893 382 1893 395 1888 436 1867 523 1867 526 1867 528 1867 531 1867 546 1854 561 1867 564 1867 567 1867 569 1867 636 1852 654 1867 656 1867 656 1870 659 1870 662 1870 664 1870 667 1870 677 1865 718 1842 803 1854 823 1857 826 1857 828 1857 831 1857 836 1852 869 1826 895 1839 898 1839 900 1839 995 1821 1018 1836 1021 1842 1023 1842 1026 1842 1028 1842 1031 1842 1034 1842 1034 1839 1039 1836 1067 1808 1190 1801 1216 1821 1218 1824 1218 1826 1221 1826 1223 1826 1226 1826 1385 1813 1388 1813 1390 1813 1395 1808 1426 1783 1567 1793 1570 1757 1565 1713 1480 1703 1477 1703 1365 1729 1347 1731 1326 1731 1218 1724 1216 1724 1213 1724 1211 1724 1185 1742 1177 1744 1167 1742 1126 1731 1123 1731 1121 1731 1034 1749 987 1759 954 1754 921 1752 918 1752 854 1762 795 1772 782 1767 767 1759 764 1759 762 1759 759 1759 756 1759 744 1770 728 1780 695 1772 667 1767 664 1767 662 1767 659 1767 649 1775 628 1788 561 1783 556 1783 554 1783 543 1783 407 1806 395 1795 395 1793 392 1793 390 1793 387 1793 384 1793 382 1793 361 1811 210 1821 143 1811 148 1862"/></Shape>
	    <String CONTENT="mensurandam utramque. Idque in aere"
                    HPOS="143"
                    VPOS="1703"
                    WIDTH="1427"
                    HEIGHT="203"
                    WC="0.9931806938988822"></String>
          </TextLine>

          
          
          <TextLine ID="eSc_line_dc61ffed"
                    TAGREFS="LT11324"
                    BASELINE="166 1947 939 1880 1719 1836" 
                    HPOS="159"
                    VPOS="1765"
                    WIDTH="1562"
                    HEIGHT="238">
            <Shape><Polygon POINTS="1616 1765 1613 1765 1611 1765 1578 1767 1575 1767 1572 1767 1572 1770 1536 1803 1534 1806 1213 1826 1182 1821 1100 1808 1098 1808 1095 1808 1093 1808 1062 1829 1049 1836 1039 1829 1005 1808 1003 1808 1000 1808 998 1808 854 1818 851 1818 849 1818 818 1842 815 1844 815 1842 790 1824 787 1824 785 1824 782 1824 715 1829 713 1829 710 1829 687 1849 677 1857 669 1849 651 1834 649 1834 646 1834 644 1834 641 1834 590 1849 536 1842 533 1842 531 1842 528 1842 528 1844 510 1860 500 1870 420 1883 338 1870 336 1870 333 1870 277 1893 236 1875 223 1870 220 1870 218 1870 159 1877 166 1947 169 2003 256 1998 259 1998 261 1998 307 1970 359 1990 361 1990 364 1990 454 1985 456 1985 459 1983 533 1947 551 1949 577 1949 602 1949 618 1947 641 1939 700 1965 708 1967 710 1967 713 1967 892 1954 895 1954 908 1949 967 1913 1121 1906 1170 1929 1172 1929 1175 1929 1177 1929 1180 1929 1182 1929 1182 1926 1185 1926 1200 1911 1223 1919 1226 1919 1229 1919 1231 1919 1293 1890 1331 1890 1377 1911 1393 1919 1395 1919 1398 1919 1401 1919 1424 1908 1449 1895 1475 1903 1501 1911 1503 1911 1506 1911 1508 1911 1511 1911 1511 1908 1524 1901 1549 1875 1611 1893 1639 1901 1642 1901 1644 1901 1721 1883 1719 1836 1714 1793 1708 1788"/></Shape>
	    <String CONTENT="speciatum multis indiciis mihi videtur comprebari."
                    HPOS="159"
                    VPOS="1765"
                    WIDTH="1562"
                    HEIGHT="238"
                    WC="0.9375858533382416"></String>
          </TextLine>

          
          
          <TextLine ID="eSc_line_f2e2e386"
                    TAGREFS="LT11324"
                    BASELINE="518 1957 677 1949" 
                    HPOS="515"
                    VPOS="1903"
                    WIDTH="162"
                    HEIGHT="85">
            <Shape><Polygon POINTS="644 1906 628 1906 515 1924 518 1957 518 1988 677 1967 677 1949 669 1903 669 1906"/></Shape>
	    <String CONTENT="commor"
                    HPOS="515"
                    VPOS="1903"
                    WIDTH="162"
                    HEIGHT="85"
                    WC="0.8645082811514536"></String>
          </TextLine>

          
          
          <TextLine ID="eSc_line_661a28b0"
                    TAGREFS="LT11324"
                    BASELINE="174 2026 951 1962 1595 1924" 
                    HPOS="169"
                    VPOS="1862"
                    WIDTH="1426"
                    HEIGHT="228">
            <Shape><Polygon POINTS="179 2090 228 2067 259 2083 261 2083 264 2083 413 2072 415 2072 418 2072 420 2070 461 2034 495 2034 526 2060 528 2062 531 2062 533 2062 536 2062 538 2062 551 2057 572 2049 597 2052 628 2057 631 2057 633 2057 636 2057 636 2055 644 2049 667 2029 715 2031 718 2031 721 2031 723 2031 723 2029 744 2011 831 2026 833 2026 1034 1990 1085 2008 1118 2021 1121 2021 1123 2021 1126 2021 1167 2001 1203 1985 1234 1996 1241 1998 1244 1998 1247 1998 1249 1998 1259 1993 1313 1967 1452 1960 1490 1972 1536 1990 1539 1990 1542 1990 1544 1990 1547 1990 1547 1988 1549 1988 1567 1965 1572 1960 1593 1962 1595 1916 1588 1862 1536 1865 1534 1865 1531 1865 1498 1893 1449 1875 1447 1875 1444 1875 1442 1875 1393 1901 1293 1885 1282 1885 1280 1885 1277 1885 1275 1885 1275 1888 1272 1888 1249 1911 1216 1893 1211 1890 1208 1890 1205 1890 1203 1890 1200 1890 1195 1893 1177 1908 1139 1898 1118 1895 1116 1895 939 1908 936 1908 934 1908 921 1919 892 1936 841 1929 839 1929 836 1929 798 1947 169 1980 174 2026"/></Shape>
	    <String CONTENT="quae postea exponam, ubi disquirendum erit,"
                    HPOS="169"
                    VPOS="1862"
                    WIDTH="1426"
                    HEIGHT="228"
                    WC="0.9352325214896091"></String>
          </TextLine>

          
          
          <TextLine ID="eSc_line_f794f632"
                    TAGREFS="LT11324"
                    BASELINE="171 2121 608 2072 1554 1996" 
                    HPOS="166"
                    VPOS="1947"
                    WIDTH="1388"
                    HEIGHT="228">
            <Shape><Polygon POINTS="174 2175 356 2162 359 2162 372 2157 443 2121 484 2134 487 2134 490 2134 567 2121 592 2131 610 2139 613 2139 615 2139 618 2139 641 2126 685 2101 718 2101 744 2114 762 2126 764 2126 767 2126 769 2126 849 2119 851 2119 890 2098 926 2078 959 2090 962 2090 964 2090 967 2090 969 2090 972 2090 972 2088 990 2070 1039 2072 1041 2072 1044 2072 1046 2072 1067 2055 1208 2047 1231 2060 1265 2083 1267 2083 1270 2083 1272 2083 1275 2083 1277 2083 1316 2049 1318 2049 1370 2057 1372 2057 1375 2057 1377 2057 1406 2039 1421 2031 1436 2037 1454 2042 1457 2042 1460 2042 1462 2042 1465 2042 1465 2039 1475 2031 1485 2024 1554 2024 1554 1996 1547 1957 1467 1962 1447 1947 1444 1947 1442 1947 1439 1947 1436 1947 1434 1947 1398 1970 1395 1970 1390 1970 1313 1957 1311 1957 1139 1990 1108 1975 1105 1975 1103 1975 1100 1975 1046 2001 1041 2001 1031 2001 926 1990 923 1990 759 2024 756 2024 662 2013 659 2013 656 2013 549 2042 538 2044 533 2044 454 2031 451 2031 449 2031 446 2031 407 2055 405 2057 261 2067 228 2052 225 2052 223 2052 220 2052 218 2052 218 2055 200 2072 200 2075 166 2075 171 2121"/></Shape>
	    <String CONTENT="plusne ad aeris tempestatem indicandam"
                    HPOS="166"
                    VPOS="1947"
                    WIDTH="1388"
                    HEIGHT="228"
                    WC="0.9763052322362599"></String>
          </TextLine>

          
          
          <TextLine ID="eSc_line_357b4220"
                    TAGREFS="LT11324"
                    BASELINE="177 2211 1544 2078" 
                    HPOS="171"
                    VPOS="2029"
                    WIDTH="1373"
                    HEIGHT="233">
            <Shape><Polygon POINTS="184 2262 238 2239 366 2239 366 2237 369 2237 443 2211 472 2229 472 2232 474 2232 477 2232 479 2232 526 2229 528 2229 543 2221 582 2201 664 2196 692 2206 703 2208 705 2208 708 2208 710 2208 726 2201 764 2180 795 2190 798 2190 800 2190 803 2190 895 2167 934 2178 967 2185 969 2185 972 2185 975 2185 1016 2167 1052 2152 1095 2160 1154 2167 1157 2167 1300 2152 1303 2152 1306 2152 1341 2131 1349 2126 1370 2126 1462 2134 1465 2134 1467 2134 1470 2134 1470 2131 1472 2131 1485 2114 1544 2106 1544 2078 1534 2031 1444 2047 1426 2039 1401 2029 1398 2029 1395 2029 1393 2029 1303 2052 1270 2062 1208 2062 1136 2062 1134 2062 1131 2062 1113 2070 1080 2083 1059 2075 1034 2065 1031 2065 1028 2065 887 2080 885 2080 882 2080 882 2083 872 2093 862 2106 744 2106 679 2106 677 2106 674 2106 646 2114 582 2131 533 2124 510 2121 508 2121 505 2121 502 2121 495 2129 472 2144 171 2157 177 2211"/></Shape>
	    <String CONTENT="gravitas ej massae an speciei conferat, ne"
                    HPOS="171"
                    VPOS="2029"
                    WIDTH="1373"
                    HEIGHT="233"
                    WC="0.9882672500042688"></String>
          </TextLine>

          
          
          <TextLine ID="eSc_line_f16030b4"
                    TAGREFS="LT11324"
                    BASELINE="184 2291 651 2239 1095 2206" 
                    HPOS="179"
                    VPOS="2137"
                    WIDTH="919"
                    HEIGHT="189">
            <Shape><Polygon POINTS="184 2316 313 2309 318 2311 346 2326 348 2326 351 2326 354 2326 438 2303 446 2301 456 2301 541 2309 543 2309 546 2309 577 2293 600 2280 623 2288 649 2298 651 2298 654 2298 756 2288 759 2288 762 2288 762 2285 764 2285 769 2278 782 2262 818 2260 874 2273 898 2275 900 2275 1098 2255 1095 2206 1087 2137 1031 2142 1028 2142 1026 2142 998 2165 905 2157 895 2157 892 2157 890 2157 885 2160 846 2180 731 2190 672 2185 623 2180 620 2180 618 2180 554 2198 508 2211 482 2206 431 2198 428 2198 425 2198 423 2198 402 2214 264 2214 261 2214 259 2214 179 2242 184 2291"/></Shape>
	    <String CONTENT="idem bis dicere necesse sit."
                    HPOS="179"
                    VPOS="2137"
                    WIDTH="919"
                    HEIGHT="189"
                    WC="0.9860145768948964"></String>
          </TextLine>

          
          
          <TextLine ID="eSc_line_63dcdbed"
                    TAGREFS="LT11324"
                    BASELINE="1116 2252 1218 2249" 
                    HPOS="1113"
                    VPOS="2196"
                    WIDTH="105"
                    HEIGHT="87">
            <Shape><Polygon POINTS="1116 2275 1216 2283 1218 2249 1213 2211 1113 2196 1116 2252"/></Shape>
	    <String CONTENT="d"
                    HPOS="1113"
                    VPOS="2196"
                    WIDTH="105"
                    HEIGHT="87"
                    WC="0.997742772102356"></String>
          </TextLine>

          
          
          <TextLine ID="eSc_line_11983832"
                    TAGREFS="LT11324"
                    BASELINE="520 2319 564 2316" 
                    HPOS="515"
                    VPOS="2280"
                    WIDTH="49"
                    HEIGHT="80">
            <Shape><Polygon POINTS="520 2360 564 2357 564 2316 559 2283 515 2280 520 2319"/></Shape>
	    <String CONTENT="d"
                    HPOS="515"
                    VPOS="2280"
                    WIDTH="49"
                    HEIGHT="80"
                    WC="0.8503128886222839"></String>
          </TextLine>

          
          
          <TextLine ID="eSc_line_ffe2b06d"
                    TAGREFS="LT11324"
                    BASELINE="423 2393 1575 2296" 
                    HPOS="418"
                    VPOS="2237"
                    WIDTH="1157"
                    HEIGHT="205">
            <Shape><Polygon POINTS="423 2419 490 2419 541 2442 543 2442 546 2442 638 2434 641 2434 644 2434 644 2432 674 2401 754 2424 756 2424 759 2424 854 2414 857 2414 859 2414 859 2411 885 2388 954 2406 957 2406 959 2406 962 2406 964 2406 1010 2378 1016 2375 1039 2375 1082 2375 1085 2375 1087 2375 1098 2370 1123 2357 1172 2365 1203 2370 1205 2370 1208 2370 1211 2370 1223 2362 1247 2347 1265 2360 1285 2373 1288 2373 1290 2373 1293 2373 1295 2373 1298 2373 1298 2370 1316 2355 1329 2344 1339 2355 1359 2373 1362 2373 1365 2373 1367 2373 1370 2373 1372 2373 1401 2350 1421 2334 1572 2337 1575 2296 1570 2257 1442 2237 1439 2237 1236 2252 1234 2252 1172 2278 1157 2265 1154 2265 1152 2265 1149 2265 1146 2265 1144 2265 1144 2267 1111 2298 987 2278 985 2278 982 2278 980 2278 931 2314 890 2303 887 2303 885 2303 882 2303 880 2303 859 2321 662 2337 659 2337 605 2324 602 2324 600 2324 418 2357 423 2393"/></Shape>
	    <String CONTENT="ergu pars est tractationis hujus quaerere"
                    HPOS="418"
                    VPOS="2237"
                    WIDTH="1157"
                    HEIGHT="205"
                    WC="0.9758873131217026"></String>
          </TextLine>

          
          
          <TextLine ID="eSc_line_73f670f9"
                    TAGREFS="LT11324"
                    BASELINE="130 2501 472 2483 934 2432 1480 2393" 
                    HPOS="125"
                    VPOS="2344"
                    WIDTH="1355"
                    HEIGHT="193">
            <Shape><Polygon POINTS="130 2524 195 2532 197 2532 200 2532 202 2532 202 2529 205 2529 210 2519 246 2534 248 2534 251 2534 254 2534 351 2509 379 2532 379 2534 382 2534 384 2534 387 2537 420 2537 420 2534 423 2534 469 2511 502 2519 505 2519 508 2519 510 2519 513 2519 513 2516 531 2501 569 2506 572 2506 574 2506 610 2491 613 2488 664 2486 718 2483 764 2506 767 2506 769 2506 1116 2478 1118 2478 1175 2447 1195 2437 1480 2424 1480 2393 1475 2357 1436 2344 1434 2344 1431 2344 1280 2375 1277 2375 1275 2375 1221 2360 1218 2360 1216 2360 1054 2368 898 2380 895 2380 772 2416 769 2419 697 2421 654 2401 651 2401 649 2401 646 2401 644 2401 608 2429 608 2432 600 2432 377 2434 374 2434 320 2450 266 2437 264 2437 261 2437 259 2437 256 2437 228 2460 200 2447 197 2447 195 2447 192 2447 125 2468 130 2501"/></Shape>
	    <String CONTENT="an tempestates aeris magis cum"
                    HPOS="125"
                    VPOS="2344"
                    WIDTH="1355"
                    HEIGHT="193"
                    WC="0.9868581235408783"></String>
          </TextLine>

          
          
          <TextLine ID="eSc_line_9e17e513"
                    TAGREFS="LT11324"
                    BASELINE="138 2583 690 2552 1188 2496 1534 2478" 
                    HPOS="133"
                    VPOS="2411"
                    WIDTH="1401"
                    HEIGHT="198">
            <Shape><Polygon POINTS="138 2604 372 2609 374 2609 377 2609 446 2591 526 2596 528 2596 531 2596 533 2596 533 2593 546 2583 559 2593 561 2593 564 2593 567 2593 813 2575 815 2575 944 2542 949 2539 967 2539 1241 2534 1244 2534 1247 2534 1262 2519 1290 2527 1293 2527 1295 2527 1298 2527 1354 2511 1416 2527 1418 2527 1421 2527 1424 2527 1426 2527 1426 2524 1447 2509 1483 2516 1485 2516 1488 2516 1534 2496 1534 2478 1529 2421 1485 2411 1483 2411 1480 2411 1144 2437 1141 2437 1064 2465 1023 2483 841 2493 831 2488 821 2480 818 2480 815 2480 813 2480 810 2480 808 2480 808 2483 800 2491 790 2501 674 2509 656 2503 613 2486 610 2486 608 2486 605 2486 551 2514 538 2519 515 2516 464 2509 461 2509 459 2509 415 2524 405 2529 402 2527 364 2498 361 2498 359 2498 356 2498 282 2503 279 2503 277 2503 238 2537 133 2550 138 2583"/></Shape>
	    <String CONTENT="gravitate ejus specifica quam cum individuali, seu"
                    HPOS="133"
                    VPOS="2411"
                    WIDTH="1401"
                    HEIGHT="198"
                    WC="0.9599460470676422"></String>
          </TextLine>

          
          
          <TextLine ID="eSc_line_696fe85a"
                    TAGREFS="LT11324"
                    BASELINE="120 2675 656 2639 1113 2593 1488 2586" 
                    HPOS="115"
                    VPOS="2527"
                    WIDTH="1373"
                    HEIGHT="174">
            <Shape><Polygon POINTS="120 2701 721 2670 723 2670 726 2670 738 2657 744 2655 795 2655 946 2655 949 2655 951 2655 982 2639 990 2637 995 2639 1018 2650 1021 2650 1023 2650 1159 2629 1208 2637 1211 2637 1213 2637 1216 2637 1216 2634 1218 2634 1229 2621 1229 2619 1290 2616 1300 2616 1393 2624 1395 2624 1398 2624 1401 2624 1401 2621 1403 2621 1413 2609 1413 2606 1488 2601 1488 2586 1480 2550 1372 2555 1370 2555 1285 2527 1282 2527 1280 2527 1057 2552 1054 2552 1003 2575 964 2565 962 2565 959 2565 957 2565 954 2565 954 2568 939 2580 810 2565 808 2565 805 2565 803 2565 762 2591 749 2601 700 2606 551 2614 541 2604 536 2601 536 2598 533 2598 531 2598 528 2598 526 2598 492 2609 454 2619 436 2611 382 2588 379 2588 377 2588 374 2588 372 2588 333 2616 315 2632 115 2632 120 2675"/></Shape>
	    <String CONTENT="cum pondere totius massae conne ctantur."
                    HPOS="115"
                    VPOS="2527"
                    WIDTH="1373"
                    HEIGHT="174"
                    WC="0.9816680863499642"></String>
          </TextLine>

          
          
          <TextLine ID="eSc_line_2eaea2d0"
                    TAGREFS="LT11324"
                    BASELINE="187 2773 1082 2704 1536 2683" 
                    HPOS="182"
                    VPOS="2639"
                    WIDTH="1354"
                    HEIGHT="183">
            <Shape><Polygon POINTS="187 2799 256 2822 259 2822 261 2822 264 2822 356 2796 456 2806 459 2806 461 2806 464 2806 464 2804 467 2804 482 2783 487 2778 515 2775 523 2781 549 2796 551 2796 554 2796 556 2796 559 2796 620 2775 644 2768 662 2773 718 2788 721 2788 723 2788 726 2788 813 2763 854 2752 872 2760 892 2770 895 2770 898 2770 900 2770 903 2770 903 2768 905 2768 913 2757 921 2750 934 2757 936 2757 939 2757 941 2757 944 2757 946 2757 946 2755 959 2742 1116 2734 1146 2745 1177 2755 1180 2755 1182 2755 1349 2745 1352 2745 1354 2745 1367 2732 1390 2714 1444 2727 1470 2734 1472 2734 1475 2734 1536 2722 1536 2683 1529 2639 1257 2650 1254 2650 1239 2655 1198 2668 1170 2657 1157 2655 1154 2655 1152 2655 1149 2655 1121 2663 1075 2673 985 2670 882 2665 880 2665 877 2665 846 2678 800 2696 667 2688 659 2688 656 2688 654 2688 651 2688 585 2709 569 2693 567 2693 564 2693 561 2693 559 2693 556 2693 528 2716 428 2722 410 2709 407 2709 405 2709 402 2709 400 2709 356 2727 287 2709 279 2709 277 2709 182 2714 187 2773"/></Shape>
	    <String CONTENT="(Duo sunt quae potissimum per aeris gra"
                    HPOS="182"
                    VPOS="2639"
                    WIDTH="1354"
                    HEIGHT="183"
                    WC="0.989719657599926"></String>
          </TextLine>

          
          
          <TextLine ID="eSc_line_6f0fde8e"
                    TAGREFS="LT11324"
                    BASELINE="141 2858 649 2811 1411 2763" 
                    HPOS="135"
                    VPOS="2704"
                    WIDTH="1276"
                    HEIGHT="192">
            <Shape><Polygon POINTS="141 2886 195 2896 197 2896 343 2870 402 2860 413 2865 446 2878 449 2878 451 2878 454 2878 520 2855 549 2847 567 2852 618 2865 620 2865 623 2865 626 2865 664 2845 677 2837 690 2842 733 2858 736 2858 738 2858 803 2852 805 2852 808 2852 808 2850 810 2850 821 2837 923 2845 926 2845 928 2845 931 2845 959 2819 962 2816 969 2819 1000 2829 1003 2829 1005 2829 1008 2829 1044 2814 1049 2811 1054 2811 1093 2822 1095 2822 1098 2822 1231 2799 1247 2796 1254 2796 1367 2809 1370 2809 1372 2809 1375 2809 1411 2783 1411 2763 1395 2704 1362 2729 1259 2734 1239 2719 1239 2716 1236 2716 1234 2716 1231 2716 1229 2716 1226 2716 1226 2719 1190 2740 1167 2724 1164 2724 1162 2724 1159 2724 1157 2724 1154 2724 1154 2727 1152 2727 1139 2742 1103 2727 1093 2724 1090 2724 1087 2724 1026 2729 1023 2729 1021 2729 1013 2734 977 2755 931 2742 916 2737 913 2737 910 2737 908 2737 877 2745 805 2768 764 2755 749 2750 746 2750 744 2750 741 2750 738 2750 738 2752 731 2757 715 2773 685 2760 664 2755 662 2755 659 2755 656 2755 605 2768 564 2778 549 2773 536 2768 533 2768 531 2768 528 2768 526 2768 526 2770 520 2775 508 2791 264 2806 220 2799 174 2791 171 2791 169 2791 135 2804 141 2858"/></Shape>
	    <String CONTENT="vitatem praemesci posse sperantur, pluviabus"
                    HPOS="135"
                    VPOS="2704"
                    WIDTH="1276"
                    HEIGHT="192"
                    WC="0.9398210089315068"></String>
          </TextLine>

          
          
          <TextLine ID="eSc_line_c3d416de"
                    TAGREFS="LT11324"
                    BASELINE="148 2932 1162 2847 1490 2829" 
                    HPOS="143"
                    VPOS="2768"
                    WIDTH="1347"
                    HEIGHT="210">
            <Shape><Polygon POINTS="151 2970 187 2978 189 2978 192 2978 233 2963 256 2955 264 2960 279 2973 282 2973 284 2973 287 2973 469 2960 472 2960 474 2960 500 2940 505 2934 567 2927 582 2932 618 2945 620 2945 623 2945 723 2940 726 2940 790 2914 823 2899 946 2891 962 2899 1003 2917 1005 2917 1008 2917 1010 2917 1064 2888 1082 2881 1108 2886 1198 2901 1200 2901 1203 2901 1205 2901 1241 2873 1249 2865 1293 2863 1318 2865 1418 2883 1421 2883 1424 2883 1490 2850 1490 2829 1483 2783 1449 2786 1447 2786 1424 2768 1421 2768 1418 2768 1416 2768 1413 2768 1357 2793 1352 2793 1336 2793 1164 2788 1162 2788 1159 2788 1100 2814 1098 2814 1095 2814 1039 2799 1036 2799 1034 2799 1031 2799 972 2824 969 2827 951 2827 636 2832 633 2832 631 2832 631 2834 628 2834 615 2852 585 2837 582 2837 579 2837 577 2837 574 2837 574 2840 554 2858 554 2860 464 2865 461 2865 369 2852 366 2852 364 2852 297 2878 220 2870 218 2870 215 2870 143 2891 148 2932"/></Shape>
	    <String CONTENT="(sub quibus grandines quoque et pluvias hyemales"
                    HPOS="143"
                    VPOS="2768"
                    WIDTH="1347"
                    HEIGHT="210"
                    WC="0.9630984229346117"></String>
          </TextLine>

          
          
          <TextLine ID="eSc_line_8b6f1835"
                    TAGREFS="LT11324"
                    BASELINE="138 3011 798 2973 1318 2924 1578 2917" 
                    HPOS="135"
                    VPOS="2845"
                    WIDTH="1443"
                    HEIGHT="213">
            <Shape><Polygon POINTS="192 3037 207 3053 210 3053 212 3053 215 3053 302 3037 351 3045 361 3045 364 3045 366 3045 369 3045 372 3042 405 3017 467 3035 474 3037 477 3037 479 3037 528 3029 620 3017 664 3019 695 3022 697 3022 700 3022 723 3014 818 2986 880 3004 885 3004 887 3004 890 3004 892 3004 895 3004 898 3001 934 2976 1023 2973 1077 2988 1100 2994 1103 2994 1105 2994 1108 2994 1111 2994 1126 2983 1162 2960 1239 2958 1254 2970 1257 2970 1259 2970 1262 2970 1385 2947 1447 2958 1470 2963 1472 2963 1475 2963 1477 2963 1477 2960 1483 2955 1490 2950 1578 2950 1578 2917 1562 2845 1511 2881 1418 2883 1388 2860 1385 2860 1383 2860 1334 2860 1331 2860 1231 2868 1229 2868 1226 2868 1226 2870 1223 2870 1223 2873 1205 2893 1167 2875 1157 2873 1154 2873 1152 2873 1149 2873 1121 2881 1069 2893 1057 2886 1054 2883 1052 2883 1049 2883 1046 2883 1044 2883 1041 2883 1039 2886 1021 2901 982 2891 980 2891 977 2891 975 2891 972 2891 969 2891 969 2893 946 2917 910 2896 905 2893 903 2893 900 2893 898 2893 895 2893 887 2899 841 2927 795 2927 756 2909 746 2904 744 2904 741 2904 738 2904 736 2904 736 2906 731 2911 713 2929 664 2917 636 2909 633 2909 631 2909 628 2909 587 2922 505 2950 177 2958 174 2958 171 2958 171 2960 169 2960 161 2970 135 2958 138 3011 141 3058"/></Shape>
	    <String CONTENT="seu inives comprehendo) et venti. Pluviae quia"
                    HPOS="135"
                    VPOS="2845"
                    WIDTH="1443"
                    HEIGHT="213"
                    WC="0.9776996322300123"></String>
          </TextLine>

          
          
          <TextLine ID="eSc_line_7e692807"
                    TAGREFS="LT11324"
                    BASELINE="138 3096 1616 2996" 
                    HPOS="133"
                    VPOS="2932"
                    WIDTH="1483"
                    HEIGHT="210">
            <Shape><Polygon POINTS="143 3142 207 3119 279 3132 284 3132 287 3132 289 3132 292 3132 292 3129 310 3112 392 3124 405 3124 407 3124 410 3124 415 3122 451 3106 638 3106 700 3106 700 3104 736 3099 859 3073 874 3083 877 3083 880 3083 882 3083 1085 3058 1100 3070 1105 3073 1105 3076 1108 3076 1111 3076 1113 3076 1164 3073 1239 3068 1241 3068 1244 3068 1257 3058 1277 3045 1316 3053 1352 3060 1354 3060 1357 3060 1403 3047 1426 3040 1439 3045 1462 3053 1465 3053 1467 3053 1470 3053 1472 3053 1490 3040 1506 3029 1534 3037 1570 3045 1572 3045 1575 3045 1578 3045 1616 3029 1616 2996 1603 2932 1572 2945 1449 2945 1408 2945 1406 2945 1403 2945 1393 2950 1329 2976 1303 2955 1300 2955 1298 2955 1295 2955 1293 2955 1285 2958 1216 2983 1164 2968 1146 2963 1144 2963 1141 2963 1044 2976 1041 2976 1039 2976 1039 2978 1036 2978 1021 2996 936 2986 880 2981 877 2981 874 2981 844 2994 800 3011 638 3011 610 3011 608 3011 577 3017 461 3035 443 3027 428 3019 425 3019 423 3019 336 3035 271 3047 243 3042 174 3029 171 3029 169 3029 133 3047 138 3096"/></Shape>
	    <String CONTENT="aerem onerant exonerantve: venti, quia sustinent"
                    HPOS="133"
                    VPOS="2932"
                    WIDTH="1483"
                    HEIGHT="210"
                    WC="0.9862159018715223"></String>
          </TextLine>

          
          
          <TextLine ID="eSc_line_a4ada36d"
                    TAGREFS="LT11324"
                    BASELINE="146 3196 610 3147 1188 3114 1354 3091 1662 3083" 
                    HPOS="141"
                    VPOS="3019"
                    WIDTH="1521"
                    HEIGHT="218">
            <Shape><Polygon POINTS="148 3237 243 3217 331 3224 341 3224 343 3224 346 3224 348 3224 348 3222 369 3199 392 3209 395 3209 397 3209 400 3209 436 3191 567 3204 613 3206 615 3206 618 3206 662 3194 756 3168 782 3183 785 3186 787 3186 790 3186 792 3186 795 3186 813 3181 887 3160 908 3173 926 3183 928 3183 931 3183 934 3183 998 3178 1000 3178 1003 3178 1023 3163 1046 3145 1113 3142 1141 3153 1180 3165 1182 3165 1185 3165 1662 3104 1662 3083 1657 3040 1542 3019 1539 3019 1372 3032 1370 3032 1367 3032 1324 3063 1321 3063 1318 3063 1234 3055 1231 3055 1229 3055 1175 3073 1157 3060 1154 3060 1152 3060 1149 3060 1146 3060 1144 3060 1144 3063 1129 3078 1123 3078 1036 3083 1013 3065 1010 3065 1008 3065 1005 3065 1003 3065 951 3091 921 3094 826 3099 798 3078 795 3078 792 3078 790 3078 787 3078 733 3104 703 3091 700 3091 697 3091 431 3099 428 3099 425 3099 425 3101 392 3132 361 3132 218 3114 215 3114 212 3114 141 3145 146 3196"/></Shape>
	    <String CONTENT="Ac de pluviis quidem manifestum est, specificam"
                    HPOS="141"
                    VPOS="3019"
                    WIDTH="1521"
                    HEIGHT="218"
                    WC="0.9915009255104876"></String>
          </TextLine>

          
          
          <TextLine ID="eSc_line_a2948ab8"
                    TAGREFS="LT11324"
                    BASELINE="153 3281 905 3204 1393 3171 1708 3163" 
                    HPOS="148"
                    VPOS="3088"
                    WIDTH="1560"
                    HEIGHT="226">
            <Shape><Polygon POINTS="153 3301 246 3314 248 3314 251 3314 292 3291 313 3281 402 3273 510 3276 638 3281 641 3281 644 3281 646 3281 646 3278 659 3265 674 3247 795 3240 854 3253 874 3255 877 3255 880 3255 895 3247 944 3227 1136 3232 1213 3232 1216 3232 1218 3232 1221 3232 1234 3224 1277 3199 1326 3214 1329 3214 1331 3214 1334 3214 1336 3214 1336 3212 1339 3212 1352 3196 1457 3183 1516 3204 1519 3204 1521 3204 1524 3204 1708 3188 1708 3163 1703 3114 1702 3109 1639 3088 1637 3088 1634 3088 1631 3088 1629 3088 1629 3091 1598 3119 1598 3122 1388 3137 1344 3117 1341 3117 1339 3117 1336 3117 1270 3147 1254 3132 1252 3132 1249 3132 1247 3132 1244 3132 1190 3153 1121 3140 1118 3140 1028 3160 1005 3142 1003 3142 1000 3142 998 3142 815 3158 813 3158 810 3158 772 3186 518 3183 515 3183 513 3183 454 3214 451 3217 433 3206 431 3206 428 3206 425 3206 395 3219 390 3222 372 3222 284 3219 282 3219 279 3219 277 3219 277 3222 274 3222 266 3232 266 3235 148 3240 153 3281"/></Shape>
	    <String CONTENT="aeris gtatem Et a vaporibus quidem pluvialibus"
                    HPOS="148"
                    VPOS="3088"
                    WIDTH="1560"
                    HEIGHT="226"
                    WC="0.9552046442809312"></String>
          </TextLine>

          
          
          <TextLine ID="eSc_line_dac0fddb"
                    TAGREFS="LT11324"
                    BASELINE="135 3350 407 3337 569 3309 905 3276 1554 3237" 
                    HPOS="130"
                    VPOS="3186"
                    WIDTH="1424"
                    HEIGHT="203">
            <Shape><Polygon POINTS="243 3296 238 3299 130 3304 135 3350 135 3373 179 3389 182 3389 184 3389 359 3383 361 3383 451 3348 479 3337 492 3345 505 3355 508 3355 510 3355 513 3355 515 3355 546 3342 549 3340 551 3340 597 3366 600 3366 602 3366 764 3355 767 3355 769 3355 826 3319 841 3309 995 3304 1000 3307 1052 3330 1054 3330 1057 3330 1059 3330 1062 3330 1098 3299 1098 3296 1100 3296 1162 3327 1164 3327 1167 3327 1170 3327 1252 3286 1254 3283 1259 3286 1295 3304 1298 3304 1300 3304 1303 3304 1306 3304 1347 3278 1352 3276 1357 3278 1429 3299 1431 3299 1434 3299 1436 3299 1439 3299 1475 3268 1477 3265 1554 3260 1554 3237 1547 3186 1306 3196 1303 3196 1300 3196 1288 3206 1267 3224 1182 3230 1118 3222 1064 3214 1062 3214 1059 3214 1057 3214 1057 3217 1044 3227 1031 3237 1010 3230 972 3219 969 3219 967 3219 964 3219 962 3219 939 3237 926 3245 913 3237 905 3235 903 3235 900 3235 833 3245 759 3258 736 3253 674 3240 672 3240 669 3240 667 3240 644 3260 631 3271 602 3265 564 3258 561 3258 559 3258 556 3258 536 3271 520 3281 379 3289 366 3286 310 3265 307 3265 300 3265"/></Shape>
	    <String CONTENT="manfestum est sprificam aeris gravitatem"
                    HPOS="130"
                    VPOS="3186"
                    WIDTH="1424"
                    HEIGHT="203"
                    WC="0.986785326898098"></String>
          </TextLine>

          
          
          <TextLine ID="eSc_line_3f99df99"
                    TAGREFS="LT11324"
                    BASELINE="133 3440 418 3422 934 3348 1721 3307" 
                    HPOS="128"
                    VPOS="3232"
                    WIDTH="1593"
                    HEIGHT="249">
            <Shape><Polygon POINTS="135 3481 302 3471 328 3466 436 3440 495 3448 528 3453 531 3453 533 3453 556 3442 597 3425 615 3437 618 3437 620 3437 623 3437 651 3432 759 3414 774 3422 785 3425 787 3425 790 3425 792 3425 795 3425 803 3419 841 3389 1049 3373 1087 3386 1090 3386 1093 3386 1223 3368 1252 3373 1275 3378 1277 3378 1280 3378 1282 3378 1282 3376 1290 3371 1306 3353 1354 3350 1454 3353 1462 3353 1488 3373 1490 3373 1493 3373 1495 3373 1498 3373 1560 3353 1603 3368 1606 3368 1608 3368 1611 3368 1613 3368 1655 3337 1688 3345 1690 3345 1693 3345 1696 3345 1698 3345 1721 3327 1721 3307 1711 3232 1562 3245 1560 3245 1557 3245 1519 3271 1488 3253 1480 3250 1477 3250 1475 3250 1472 3250 1470 3250 1470 3253 1465 3255 1424 3291 1370 3281 1367 3281 1365 3281 1329 3296 1285 3273 1270 3265 1267 3265 1265 3265 1262 3265 1203 3281 1095 3309 1041 3296 998 3289 995 3289 903 3294 900 3294 898 3294 898 3296 877 3314 867 3324 839 3324 831 3317 815 3307 815 3304 813 3304 810 3304 808 3304 805 3304 803 3304 782 3322 759 3342 718 3330 715 3330 713 3330 710 3330 705 3330 610 3355 585 3342 549 3322 546 3322 543 3322 541 3322 538 3322 495 3350 474 3366 128 3386 133 3440"/></Shape>
	    <String CONTENT="semper immntiri. Nam aer vapioribus oneratus differt"
                    HPOS="128"
                    VPOS="3232"
                    WIDTH="1593"
                    HEIGHT="249"
                    WC="0.9837256016639563"></String>
          </TextLine>

          
          
          <TextLine ID="eSc_line_541bc817"
                    TAGREFS="LT11324"
                    BASELINE="148 3514 656 3473 1013 3419 1716 3378" 
                    HPOS="143"
                    VPOS="3314"
                    WIDTH="1573"
                    HEIGHT="236">
            <Shape><Polygon POINTS="151 3550 223 3530 243 3545 246 3545 248 3545 251 3545 333 3537 336 3537 390 3507 464 3504 502 3525 505 3525 508 3525 510 3525 513 3525 523 3522 587 3501 610 3509 613 3509 615 3509 618 3509 620 3509 644 3489 674 3499 677 3499 679 3499 682 3499 736 3484 790 3499 800 3501 803 3501 805 3501 1052 3481 1054 3481 1057 3481 1057 3478 1059 3478 1059 3476 1077 3455 1098 3466 1100 3466 1103 3466 1195 3445 1216 3463 1221 3466 1221 3468 1223 3468 1226 3468 1229 3468 1231 3468 1234 3468 1244 3460 1277 3437 1460 3425 1503 3440 1521 3445 1524 3445 1526 3445 1619 3437 1621 3437 1624 3437 1624 3435 1626 3435 1631 3427 1644 3412 1716 3419 1716 3378 1708 3317 1657 3314 1655 3314 1652 3314 1649 3314 1649 3317 1642 3322 1613 3350 1562 3330 1560 3330 1557 3330 1554 3330 1549 3330 1498 3350 1467 3340 1457 3335 1454 3335 1452 3335 1318 3340 1316 3340 1252 3358 1129 3355 1126 3355 1123 3355 1082 3376 1049 3363 1046 3363 1044 3363 900 3373 898 3373 823 3401 785 3414 728 3409 705 3409 703 3409 700 3409 687 3414 659 3425 644 3419 608 3404 605 3404 602 3404 600 3404 554 3427 536 3435 520 3430 477 3417 474 3417 472 3417 469 3417 467 3417 441 3437 433 3445 143 3466 148 3514"/></Shape>
	    <String CONTENT="a puuro effertut aqua sale aliquo dissoluto impraegnata"
                    HPOS="143"
                    VPOS="3314"
                    WIDTH="1573"
                    HEIGHT="236"
                    WC="0.9691297520290721"></String>
          </TextLine>

          
          
          <TextLine ID="eSc_line_0468e400"
                    TAGREFS="LT11324"
                    BASELINE="505 3553 1277 3468 1737 3442" 
                    HPOS="500"
                    VPOS="3389"
                    WIDTH="1237"
                    HEIGHT="202">
            <Shape><Polygon POINTS="564 3591 564 3589 567 3589 579 3584 620 3563 654 3576 659 3578 662 3578 664 3578 667 3578 687 3573 767 3553 839 3560 857 3560 859 3560 862 3560 864 3560 864 3558 867 3558 892 3535 964 3545 967 3545 969 3545 972 3545 972 3543 995 3525 1157 3525 1157 3522 1159 3522 1211 3501 1290 3501 1308 3517 1311 3517 1313 3517 1316 3517 1318 3517 1321 3517 1324 3514 1357 3494 1549 3486 1552 3486 1554 3486 1554 3484 1557 3484 1565 3471 1613 3486 1616 3486 1619 3486 1737 3476 1737 3442 1732 3399 1634 3389 1631 3389 1629 3389 1580 3412 1572 3414 1485 3419 1483 3419 1449 3407 1447 3407 1444 3407 1277 3437 1226 3445 1213 3442 1182 3432 1180 3432 1177 3432 1069 3442 1067 3442 1064 3442 1046 3455 1036 3466 800 3486 774 3478 754 3473 751 3473 749 3473 677 3489 582 3507 500 3504 505 3553 508 3591"/></Shape>
	    <String CONTENT="quare ut aquam ita et aerem hac imprae"
                    HPOS="500"
                    VPOS="3389"
                    WIDTH="1237"
                    HEIGHT="202"
                    WC="0.973876294417259"></String>
          </TextLine>

          
          
          <TextLine ID="eSc_line_605bdc89"
                    TAGREFS="LT11324"
                    BASELINE="179 3591 459 3563" 
                    HPOS="171"
                    VPOS="3514"
                    WIDTH="288"
                    HEIGHT="100">
            <Shape><Polygon POINTS="179 3614 410 3612 413 3612 459 3589 459 3563 451 3514 171 3532 179 3591"/></Shape>
	    <String CONTENT="a cutqui"
                    HPOS="171"
                    VPOS="3514"
                    WIDTH="288"
                    HEIGHT="100"
                    WC="0.9412419125437737"></String>
          </TextLine>

          
          
          <TextLine ID="eSc_line_47ab03d6"
                    TAGREFS="LT11324"
                    BASELINE="187 3663 1000 3563 1529 3522 1788 3512 1950 3519" 
                    HPOS="182"
                    VPOS="3440"
                    WIDTH="1768"
                    HEIGHT="280">
            <Shape><Polygon POINTS="1860 3450 1825 3440 1778 3442 1708 3466 1701 3471 1634 3473 1626 3473 1580 3458 1578 3458 1575 3458 1395 3476 1393 3476 1344 3499 1247 3491 1244 3491 1241 3491 1239 3491 1239 3494 1213 3517 1211 3519 1188 3519 1144 3519 1126 3504 1123 3504 1121 3504 1118 3504 975 3519 972 3519 913 3545 767 3548 764 3548 713 3566 708 3568 697 3568 590 3560 587 3560 585 3560 538 3584 533 3586 528 3586 479 3573 477 3573 474 3573 472 3573 415 3596 407 3599 400 3599 310 3586 307 3586 305 3586 248 3614 243 3617 182 3619 187 3663 197 3720 248 3686 287 3694 289 3694 292 3694 295 3694 295 3691 313 3676 361 3691 364 3691 366 3691 369 3691 513 3645 659 3648 662 3648 664 3648 726 3617 867 3635 869 3635 872 3635 1005 3586 1159 3573 1324 3586 1326 3586 1329 3586 1331 3586 1331 3584 1334 3584 1347 3568 1436 3560 1529 3571 1588 3578 1590 3578 1916 3545 1919 3545 1921 3545 1950 3527 1950 3519 1934 3458 1916 3445"/></Shape>
	    <String CONTENT="matione incrassari ac proinde, in eadem mole seu expansione"
                    HPOS="182"
                    VPOS="3440"
                    WIDTH="1768"
                    HEIGHT="280"
                    WC="0.9826101721343348"></String>
          </TextLine>

          
          
          <TextLine ID="eSc_line_0be58799"
                    TAGREFS="LT11324"
                    BASELINE="164 3732 710 3668 1616 3602" 
                    HPOS="156"
                    VPOS="3545"
                    WIDTH="1460"
                    HEIGHT="226">
            <Shape><Polygon POINTS="166 3771 328 3738 492 3745 497 3745 500 3745 502 3745 505 3745 505 3743 533 3717 572 3730 574 3730 577 3730 579 3730 582 3730 582 3727 602 3707 651 3704 731 3720 733 3720 736 3720 738 3720 764 3696 823 3717 826 3717 828 3717 831 3717 833 3717 864 3696 1010 3694 1013 3694 1072 3668 1180 3676 1182 3676 1185 3676 1188 3676 1188 3673 1205 3655 1326 3648 1344 3661 1347 3661 1349 3661 1352 3661 1354 3661 1357 3661 1357 3658 1375 3643 1424 3658 1426 3658 1429 3658 1431 3658 1477 3637 1616 3648 1616 3602 1606 3550 1560 3563 1539 3555 1516 3545 1513 3545 1511 3545 1347 3558 1344 3558 1290 3576 1249 3589 1190 3584 1149 3581 1146 3581 1144 3581 1123 3589 1093 3602 1049 3596 995 3589 993 3589 990 3589 987 3589 987 3591 975 3602 964 3614 836 3625 762 3619 687 3614 685 3614 682 3614 679 3614 664 3627 659 3630 631 3630 536 3630 533 3630 531 3630 508 3640 472 3658 238 3676 212 3666 197 3658 195 3658 192 3658 189 3658 156 3668 164 3732"/></Shape>
	    <String CONTENT="graviorem fieri necesse est. At vero cylindr, aerei"
                    HPOS="156"
                    VPOS="3545"
                    WIDTH="1460"
                    HEIGHT="226"
                    WC="0.9748537341753641"></String>
          </TextLine>

          
          
          <TextLine ID="eSc_line_ea5ef1ad"
                    TAGREFS="LT11324"
                    BASELINE="179 3799 833 3735 1613 3684" 
                    HPOS="171"
                    VPOS="3635"
                    WIDTH="1442"
                    HEIGHT="210">
            <Shape><Polygon POINTS="182 3845 300 3817 341 3832 343 3832 346 3832 348 3832 351 3832 387 3802 436 3822 438 3822 441 3822 579 3812 582 3812 703 3773 808 3768 859 3791 862 3791 864 3791 867 3791 869 3791 934 3755 1208 3738 1311 3748 1313 3748 1316 3748 1383 3722 1460 3743 1462 3743 1465 3743 1613 3730 1613 3684 1606 3635 1531 3648 1493 3643 1449 3637 1447 3637 1444 3637 1442 3637 1442 3640 1439 3640 1434 3648 1426 3658 1375 3661 1334 3655 1280 3650 1277 3650 1275 3650 1239 3663 1211 3673 1157 3671 1108 3668 1105 3668 1103 3668 1077 3679 1049 3686 1028 3681 1000 3673 998 3673 995 3673 993 3673 959 3686 951 3689 936 3689 859 3684 857 3684 854 3684 851 3684 831 3696 821 3704 805 3699 774 3691 772 3691 769 3691 767 3691 764 3691 764 3694 751 3704 746 3709 733 3707 700 3696 697 3696 695 3696 692 3696 664 3712 656 3714 631 3714 533 3709 531 3709 528 3709 526 3709 502 3725 490 3732 369 3740 351 3738 305 3727 302 3727 300 3727 297 3727 271 3743 261 3750 171 3750 179 3799"/></Shape>
	    <String CONTENT="pondus non habet necessariam cum ae somper"
                    HPOS="171"
                    VPOS="3635"
                    WIDTH="1442"
                    HEIGHT="210"
                    WC="0.9910135056291308"></String>
          </TextLine>

          
          
          <TextLine ID="eSc_line_08c6c344"
                    TAGREFS="LT11324"
                    BASELINE="182 3866 413 3856 641 3817 1516 3761 1624 3743" 
                    HPOS="177"
                    VPOS="3704"
                    WIDTH="1447"
                    HEIGHT="198">
            <Shape><Polygon POINTS="184 3902 433 3884 436 3884 438 3884 443 3879 479 3853 690 3856 692 3856 695 3856 800 3830 859 3843 905 3850 908 3850 910 3850 913 3850 934 3835 946 3825 972 3832 1013 3843 1016 3843 1018 3843 1021 3843 1023 3843 1046 3825 1062 3812 1098 3820 1159 3832 1162 3832 1164 3832 1167 3832 1203 3809 1221 3799 1344 3791 1365 3797 1406 3807 1408 3807 1411 3807 1413 3807 1483 3786 1542 3804 1544 3804 1547 3804 1549 3804 1552 3804 1552 3802 1578 3776 1578 3773 1624 3771 1624 3743 1613 3704 1485 3727 1447 3717 1429 3712 1426 3712 1424 3712 1421 3712 1406 3720 1377 3735 1362 3722 1354 3717 1352 3717 1349 3717 1347 3717 1344 3717 1313 3727 1280 3738 1259 3732 1236 3725 1234 3725 1231 3725 1229 3725 1226 3725 1211 3735 1190 3748 1123 3743 1116 3743 1113 3743 1111 3743 1103 3743 1052 3758 1036 3750 1023 3740 1021 3740 1018 3740 1016 3740 1013 3740 972 3755 946 3763 900 3761 831 3755 828 3755 826 3755 798 3768 785 3773 772 3771 731 3761 728 3761 726 3761 541 3789 469 3799 446 3797 374 3786 372 3786 369 3786 366 3786 366 3789 348 3804 346 3809 177 3817 182 3866"/></Shape>
	    <String CONTENT="laugetur, ob aerem vaporibus magisoneratum:"
                    HPOS="177"
                    VPOS="3704"
                    WIDTH="1447"
                    HEIGHT="198"
                    WC="0.976724059082741"></String>
          </TextLine>

          
          
          <TextLine ID="eSc_line_59201b2e"
                    TAGREFS="LT11324"
                    BASELINE="195 3950 1080 3856 1601 3832" 
                    HPOS="189"
                    VPOS="3779"
                    WIDTH="1412"
                    HEIGHT="210">
            <Shape><Polygon POINTS="197 3989 733 3917 895 3927 898 3927 900 3927 903 3927 903 3925 923 3907 941 3917 944 3917 946 3917 949 3917 951 3917 987 3894 1034 3902 1036 3902 1129 3881 1180 3902 1182 3902 1185 3902 1188 3902 1272 3876 1344 3886 1347 3886 1349 3886 1352 3886 1377 3863 1472 3850 1598 3863 1601 3832 1593 3784 1390 3799 1339 3779 1336 3779 1334 3779 1331 3779 1290 3797 1265 3784 1262 3784 1259 3784 1257 3784 1190 3804 1111 3799 1108 3799 1105 3799 1103 3799 1067 3822 1041 3812 1039 3812 1036 3812 1034 3812 982 3835 980 3838 977 3838 959 3825 957 3825 954 3825 951 3825 949 3825 898 3843 892 3845 890 3845 844 3822 841 3822 839 3822 836 3822 780 3850 741 3832 738 3832 736 3832 613 3843 541 3850 538 3850 536 3850 495 3879 487 3884 189 3904 195 3950"/></Shape>
	    <String CONTENT="potest enim fieri ut aere in imo cylindri, id est,"
                    HPOS="189"
                    VPOS="3779"
                    WIDTH="1412"
                    HEIGHT="210"
                    WC="0.993044867515564"></String>
          </TextLine>

          
          
          <TextLine ID="eSc_line_e98c1ad4"
                    TAGREFS="LT11324"
                    BASELINE="192 4017 1082 3930 1570 3902" 
                    HPOS="187"
                    VPOS="3838"
                    WIDTH="1383"
                    HEIGHT="200">
            <Shape><Polygon POINTS="1488 3838 1462 3840 1454 3840 1452 3840 1439 3858 1434 3863 1424 3858 1380 3845 1377 3845 1375 3845 1372 3845 1370 3845 1344 3866 1341 3868 1339 3866 1313 3853 1311 3853 1308 3853 1306 3853 1265 3871 1244 3881 1208 3876 1131 3866 1129 3866 1028 3889 998 3879 995 3879 993 3879 990 3879 946 3899 923 3909 859 3907 754 3899 751 3899 749 3899 713 3917 690 3930 662 3922 644 3917 641 3917 638 3917 636 3917 633 3917 623 3925 605 3938 556 3930 523 3927 520 3927 518 3927 515 3927 508 3935 490 3950 418 3953 397 3945 382 3938 379 3938 377 3938 374 3938 372 3938 361 3948 343 3963 187 3963 192 4017 192 4035 372 4012 400 4022 436 4038 438 4038 441 4038 443 4038 446 4038 446 4035 449 4035 461 4020 495 4030 497 4030 500 4030 502 4030 505 4030 505 4027 523 4012 531 4004 608 3994 633 4004 667 4017 669 4017 672 4017 674 4017 677 4017 677 4015 695 3999 700 3994 710 3999 728 4004 731 4004 733 4004 736 4004 764 3994 803 3981 826 3989 857 3999 859 3999 862 3999 864 3999 867 3999 887 3984 908 3971 967 3976 969 3976 972 3976 975 3976 975 3974 977 3974 990 3956 1062 3950 1121 3966 1141 3971 1144 3971 1146 3971 1149 3971 1170 3963 1211 3945 1239 3958 1262 3966 1265 3966 1267 3966 1570 3930 1570 3902 1562 3845 1526 3838 1513 3838"/></Shape>
	    <String CONTENT="prone nos onerato et ad pluviam disposito"
                    HPOS="187"
                    VPOS="3838"
                    WIDTH="1383"
                    HEIGHT="200"
                    WC="0.9769215976319662"></String>
          </TextLine>

          
          
          <TextLine ID="eSc_line_5fac31b5"
                    TAGREFS="LT11324"
                    BASELINE="184 4092 377 4081 880 4017 1575 3979" 
                    HPOS="179"
                    VPOS="3915"
                    WIDTH="1396"
                    HEIGHT="200">
            <Shape><Polygon POINTS="184 4115 449 4104 451 4104 454 4104 461 4099 474 4086 633 4084 636 4084 638 4084 638 4081 659 4066 705 4074 708 4074 872 4048 934 4063 939 4063 941 4063 944 4063 946 4063 949 4063 949 4061 972 4043 1241 4033 1244 4033 1293 4015 1341 4033 1344 4033 1347 4033 1449 4025 1452 4025 1454 4025 1498 3999 1575 4015 1575 3979 1565 3915 1470 3940 1418 3930 1416 3930 1413 3930 1377 3948 1347 3935 1334 3930 1331 3930 1329 3930 1326 3930 1324 3930 1316 3938 1290 3958 1257 3943 1244 3938 1241 3938 1239 3938 1236 3938 1234 3938 1221 3948 1200 3958 1126 3956 1046 3953 1044 3953 1041 3953 1039 3953 1039 3956 1036 3956 1028 3966 1021 3976 985 3968 936 3961 934 3961 931 3961 849 3981 841 3984 839 3984 813 3971 810 3971 808 3971 708 3979 705 3979 703 3979 703 3981 685 3999 682 4002 513 4020 500 4015 461 3999 459 3999 456 3999 454 3999 451 3999 451 4002 449 4002 433 4022 431 4027 392 4027 271 4027 269 4027 179 4045 184 4092"/></Shape>
	    <String CONTENT="aer in summo sit tanto liberior, et exot"
                    HPOS="179"
                    VPOS="3915"
                    WIDTH="1396"
                    HEIGHT="200"
                    WC="0.9841914474964142"></String>
          </TextLine>

          
          
          <TextLine ID="eSc_line_27d47a94"
                    TAGREFS="LT11324"
                    BASELINE="574 4122 1072 4076 1542 4056" 
                    HPOS="569"
                    VPOS="3986"
                    WIDTH="973"
                    HEIGHT="144">
            <Shape><Polygon POINTS="667 4045 569 4068 574 4122 574 4127 759 4115 841 4120 905 4125 908 4125 910 4125 913 4125 923 4117 944 4102 977 4115 1013 4130 1016 4130 1018 4130 1021 4130 1087 4112 1146 4092 1182 4092 1208 4107 1216 4112 1218 4112 1221 4112 1223 4112 1226 4112 1249 4104 1300 4086 1398 4086 1411 4099 1413 4099 1413 4102 1416 4102 1418 4102 1421 4102 1542 4092 1542 4056 1536 3999 1501 3986 1498 3986 1495 3986 1493 3986 1490 3986 1467 4007 1462 4012 1341 4017 1339 4015 1324 4002 1324 3999 1321 3999 1318 3999 1316 3999 1270 4002 1267 4002 1229 4022 1226 4022 1057 4020 1054 4020 1052 4020 1049 4020 1049 4022 1031 4038 1026 4043 903 4051 887 4048 831 4033 828 4033 826 4033 823 4033 821 4033 821 4035 803 4053 800 4058 754 4061 738 4058 687 4043 672 4045"/></Shape>
	    <String CONTENT="nde decylindii totius ponius"
                    HPOS="569"
                    VPOS="3986"
                    WIDTH="973"
                    HEIGHT="144"
                    WC="0.9230770340987614"></String>
          </TextLine>

          
          
          <TextLine ID="eSc_line_9db6730b"
                    TAGREFS="LT11324"
                    BASELINE="169 4163 561 4156" 
                    HPOS="166"
                    VPOS="4089"
                    WIDTH="395"
                    HEIGHT="115">
            <Shape><Polygon POINTS="169 4186 246 4204 248 4204 251 4204 302 4189 315 4186 333 4189 392 4202 395 4202 561 4192 561 4156 554 4089 433 4092 431 4092 428 4092 418 4099 390 4117 346 4104 315 4097 313 4097 310 4097 307 4097 305 4097 305 4099 292 4110 282 4120 264 4112 248 4107 246 4107 243 4107 166 4120 169 4163"/></Shape>
	    <String CONTENT="ueratior "
                    HPOS="166"
                    VPOS="4089"
                    WIDTH="395"
                    HEIGHT="115"
                    WC="0.8619844681686826"></String>
          </TextLine>

          
          
          <TextLine ID="eSc_line_40029eb1"
                    TAGREFS="LT11324"
                    BASELINE="690 4151 790 4143" 
                    HPOS="690"
                    VPOS="4104"
                    WIDTH="100"
                    HEIGHT="75">
            <Shape><Polygon POINTS="736 4110 710 4112 697 4112 690 4151 690 4179 790 4171 790 4143 785 4104 762 4107"/></Shape>
	    <String CONTENT="nter"
                    HPOS="690"
                    VPOS="4104"
                    WIDTH="100"
                    HEIGHT="75"
                    WC="0.9905862212181091"></String>
          </TextLine>

          
          
          <TextLine ID="eSc_line_703a0440"
                    TAGREFS="LT11324"
                    BASELINE="161 4261 585 4202 844 4184 987 4156 1580 4127" 
                    HPOS="156"
                    VPOS="4074"
                    WIDTH="1426"
                    HEIGHT="205">
            <Shape><Polygon POINTS="161 4279 271 4258 495 4253 497 4253 500 4253 500 4251 531 4225 618 4238 620 4238 762 4204 880 4222 882 4222 885 4222 887 4222 890 4222 982 4186 1036 4199 1039 4199 1041 4199 1044 4199 1141 4174 1259 4179 1262 4179 1265 4179 1357 4156 1465 4174 1467 4174 1470 4174 1581 4163 1582 4154 1580 4127 1572 4094 1452 4102 1416 4074 1413 4074 1411 4074 1408 4074 1254 4086 1252 4086 1198 4107 1067 4102 1064 4102 1062 4102 1059 4102 1028 4125 941 4112 939 4112 892 4117 890 4117 887 4117 844 4153 841 4156 736 4163 531 4176 510 4163 508 4163 505 4163 502 4163 500 4163 407 4189 359 4163 356 4163 354 4163 351 4163 348 4163 348 4166 318 4194 156 4210 161 4261"/></Shape>
	    <String CONTENT="non ideo sit auctum. At vero non a summi"
                    HPOS="156"
                    VPOS="4074"
                    WIDTH="1426"
                    HEIGHT="205"
                    WC="0.9689368456602097"></String>
          </TextLine>

          
          
          <TextLine ID="eSc_line_1014c966"
                    TAGREFS="LT11324"
                    BASELINE="192 4315 908 4243 1508 4210" 
                    HPOS="187"
                    VPOS="4140"
                    WIDTH="1321"
                    HEIGHT="218">
            <Shape><Polygon POINTS="251 4248 233 4266 187 4269 192 4315 197 4358 269 4328 313 4348 315 4348 318 4348 428 4338 431 4338 436 4338 510 4305 587 4322 592 4322 595 4322 597 4322 600 4322 600 4320 636 4294 749 4299 751 4299 849 4276 872 4297 877 4299 877 4302 880 4302 882 4302 885 4302 944 4297 946 4297 949 4297 959 4287 985 4269 1008 4284 1010 4284 1013 4284 1016 4284 1018 4284 1021 4284 1023 4281 1046 4261 1082 4276 1100 4284 1103 4284 1105 4284 1108 4284 1111 4284 1123 4271 1144 4256 1205 4263 1254 4271 1257 4271 1259 4271 1262 4271 1285 4258 1313 4240 1349 4251 1380 4261 1383 4261 1385 4261 1508 4235 1508 4210 1503 4161 1418 4140 1416 4140 1413 4140 1300 4156 1298 4156 1295 4156 1295 4158 1280 4171 1270 4163 1267 4163 1265 4163 1262 4163 1259 4163 1257 4163 1223 4184 1167 4161 1164 4161 1162 4161 1116 4166 1113 4166 1111 4166 1111 4169 1085 4194 1036 4174 1034 4174 1031 4174 1028 4174 926 4207 754 4194 751 4194 749 4194 685 4225 669 4215 667 4215 664 4215 662 4215 659 4215 587 4235 559 4217 556 4217 554 4217 551 4217 549 4217 441 4248 400 4235 397 4235 395 4235 392 4235 390 4235 390 4238 387 4238 374 4256 364 4256 295 4258 274 4245 264 4248"/></Shape>
	    <String CONTENT="sed nostri aeris statu capiendae sunt de futuro"
                    HPOS="187"
                    VPOS="4140"
                    WIDTH="1321"
                    HEIGHT="218"
                    WC="0.9639589964075291"></String>
          </TextLine>

          
          
          <TextLine ID="eSc_line_2535bd25"
                    TAGREFS="LT11324"
                    BASELINE="164 4369 1431 4289" 
                    HPOS="159"
                    VPOS="4240"
                    WIDTH="1272"
                    HEIGHT="172">
            <Shape><Polygon POINTS="230 4312 218 4325 212 4330 159 4330 164 4369 166 4412 207 4399 264 4407 318 4412 320 4412 323 4412 325 4412 325 4410 328 4410 336 4402 341 4394 379 4397 449 4405 451 4405 454 4405 505 4389 538 4379 559 4384 569 4389 572 4389 574 4389 610 4381 659 4371 695 4376 723 4379 726 4379 728 4379 731 4379 731 4376 736 4374 744 4364 795 4364 803 4369 815 4379 818 4379 821 4379 823 4379 951 4358 995 4351 1008 4353 1044 4366 1046 4366 1049 4366 1052 4366 1054 4366 1075 4348 1080 4346 1118 4346 1308 4351 1311 4351 1313 4351 1316 4351 1316 4348 1334 4330 1431 4322 1431 4289 1424 4240 1144 4245 1141 4245 1111 4261 1085 4274 1049 4266 1000 4256 998 4256 995 4256 993 4256 975 4271 959 4284 885 4287 874 4279 867 4271 864 4271 862 4271 859 4271 857 4271 854 4271 854 4274 851 4274 846 4279 839 4289 774 4284 644 4276 641 4276 638 4276 582 4299 559 4307 505 4305 461 4302 459 4302 361 4315 297 4322 287 4320 254 4310 236 4312"/></Shape>
	    <String CONTENT="aeris nostri statu, conjecturae. Adde quod"
                    HPOS="159"
                    VPOS="4240"
                    WIDTH="1272"
                    HEIGHT="172"
                    WC="0.9617329069546291"></String>
          </TextLine>

          
          
          <TextLine ID="eSc_line_47265433"
                    TAGREFS="LT11324"
                    BASELINE="207 4440 1093 4384 1529 4369" 
                    HPOS="202"
                    VPOS="4310"
                    WIDTH="1327"
                    HEIGHT="187">
            <Shape><Polygon POINTS="210 4496 212 4497 387 4487 390 4487 397 4484 474 4456 500 4476 502 4479 505 4479 508 4479 510 4479 513 4479 520 4476 574 4446 744 4438 805 4453 821 4458 823 4458 826 4458 828 4458 851 4451 916 4425 1026 4423 1057 4435 1059 4435 1062 4435 1064 4435 1069 4435 1134 4417 1149 4428 1164 4440 1167 4440 1170 4440 1172 4440 1175 4440 1177 4440 1193 4428 1388 4428 1390 4428 1393 4428 1395 4428 1421 4410 1434 4402 1529 4402 1529 4369 1524 4328 1444 4310 1442 4310 1324 4317 1321 4317 1318 4317 1318 4320 1316 4320 1303 4335 1300 4340 1213 4343 1208 4340 1188 4325 1185 4325 1182 4325 1180 4325 1067 4333 1064 4333 1021 4348 1003 4356 993 4351 977 4340 975 4340 972 4340 969 4340 967 4340 934 4353 910 4361 872 4356 851 4353 849 4353 821 4358 764 4369 736 4361 708 4353 705 4353 703 4353 700 4353 656 4366 631 4371 610 4366 587 4364 585 4364 582 4364 579 4364 574 4369 556 4381 533 4371 523 4366 520 4366 518 4366 515 4366 490 4374 425 4392 372 4392 354 4379 348 4374 346 4374 343 4374 341 4374 338 4374 325 4379 292 4397 202 4387 207 4440"/></Shape>
	    <String CONTENT="massa aeris dato loco incumbentis, sit sector"
                    HPOS="202"
                    VPOS="4310"
                    WIDTH="1327"
                    HEIGHT="187"
                    WC="0.9924910585085551"></String>
          </TextLine>

          
        </TextBlock>
        
        <TextBlock HPOS="1768"
                   VPOS="3688"
                   WIDTH="574"
                   HEIGHT="195"
                   ID="r0"
                   TAGREFS="BT16575">
          <Shape><Polygon POINTS="1768 3736 1770 3883 2212 3858 2342 3812 2315 3688"/></Shape>
          
          
          <TextLine ID="eSc_line_8b226119"
                    TAGREFS="LT11324"
                    BASELINE="1769 3802 1921 3789 2327 3781" 
                    HPOS="1768"
                    VPOS="3714"
                    WIDTH="559"
                    HEIGHT="160">
            <Shape><Polygon POINTS="2301 3717 2083 3740 2060 3732 2015 3714 1856 3728 1826 3748 1824 3750 1768 3750 1769 3845 1878 3838 1888 3845 1909 3866 1921 3866 1921 3874 1976 3871 2057 3853 2160 3861 2202 3859 2252 3838 2268 3832 2283 3833 2325 3818 2327 3781 2319 3730 2304 3720"/></Shape>
	    <String CONTENT=" et saepe credo fit,"
                    HPOS="1768"
                    VPOS="3714"
                    WIDTH="559"
                    HEIGHT="160"
                    WC="0.944397646188736"></String>
          </TextLine>

          
          
          <TextLine ID="eSc_line_91a269e1"
                    TAGREFS="LT11324"
                    BASELINE="1852 3868 1924 3868" 
                    HPOS="1852"
                    VPOS="3822"
                    WIDTH="72"
                    HEIGHT="56">
            <Shape><Polygon POINTS="1852 3878 1924 3874 1924 3868 1924 3835 1852 3822 1852 3868"/></Shape>
	    <String CONTENT=""
                    HPOS="1852"
                    VPOS="3822"
                    WIDTH="72"
                    HEIGHT="56"></String>
          </TextLine>

          
        </TextBlock>
        
        <TextBlock HPOS="1703"
                   VPOS="3900"
                   WIDTH="970"
                   HEIGHT="277"
                   ID="r2"
                   TAGREFS="BT16575">
          <Shape><Polygon POINTS="1710 3952 1703 4060 1760 4109 1985 4177 2073 4051 2296 4040 2322 4060 2420 4044 2509 4037 2673 3989 2632 3900 2498 3904"/></Shape>
          
          
          <TextLine ID="eSc_line_b4de4eb2"
                    TAGREFS="LT11324"
                    BASELINE="1716 4004 2642 3956" 
                    HPOS="1716"
                    VPOS="3903"
                    WIDTH="926"
                    HEIGHT="163">
            <Shape><Polygon POINTS="2242 3927 2202 3922 2070 3930 2065 3932 2063 3931 1971 3936 1927 3950 1844 3944 1824 3945 1811 3958 1808 3961 1737 3961 1719 3989 1716 4004 1721 4066 1862 4025 2057 4020 2109 4038 2111 4038 2114 4038 2116 4038 2119 4038 2119 4035 2139 4020 2186 4033 2228 4043 2296 4040 2303 4045 2399 4040 2401 4040 2404 4040 2435 4015 2486 4035 2488 4035 2491 4035 2494 4035 2576 4002 2599 3994 2640 3997 2642 3956 2637 3917 2576 3917 2528 3903 2498 3904 2254 3919"/></Shape>
	    <String CONTENT="et rarior, et motibus quibus"
                    HPOS="1716"
                    VPOS="3903"
                    WIDTH="926"
                    HEIGHT="163"
                    WC="0.9258629158139229"></String>
          </TextLine>

          
          
          <TextLine ID="eSc_line_a8754896"
                    TAGREFS="LT11324"
                    BASELINE="1770 4066 2050 4056" 
                    HPOS="1767"
                    VPOS="3994"
                    WIDTH="283"
                    HEIGHT="162">
            <Shape><Polygon POINTS="1837 3999 1834 3999 1832 3999 1832 4002 1829 4002 1816 4020 1767 4020 1770 4066 1770 4112 1790 4118 1860 4122 1921 4153 1924 4153 1927 4156 1980 4156 1980 4153 1983 4153 2012 4139 2050 4084 2050 4056 2047 4012 2014 3994 2011 3994 2009 3994 1906 4015 1842 3999 1839 3999"/></Shape>
	    <String CONTENT="sustentatus"
                    HPOS="1767"
                    VPOS="3994"
                    WIDTH="283"
                    HEIGHT="162"
                    WC="0.9464316909963434"></String>
          </TextLine>

          
        </TextBlock>
        
        <TextBlock HPOS="2557"
                   VPOS="4278"
                   WIDTH="227"
                   HEIGHT="225"
                   ID="r3"
                   TAGREFS="BT16581">
          <Shape><Polygon POINTS="2575 4360 2557 4503 2784 4492 2776 4278"/></Shape>
          
          
          <TextLine ID="eSc_line_aa12a857"
                    TAGREFS="LT11324"
                    BASELINE="2591 4435 2712 4423" 
                    HPOS="2586"
                    VPOS="4399"
                    WIDTH="126"
                    HEIGHT="65">
            <Shape><Polygon POINTS="2666 4412 2640 4412 2614 4425 2609 4399 2586 4399 2591 4435 2591 4464 2686 4464 2686 4461 2689 4461 2691 4461 2712 4443 2712 4423 2709 4412 2691 4412"/></Shape>
	    <String CONTENT="100"
                    HPOS="2586"
                    VPOS="4399"
                    WIDTH="126"
                    HEIGHT="65"
                    WC="0.9990070263544718"></String>
          </TextLine>

          
        </TextBlock>
        

        
      </PrintSpace>
    </Page>
  </Layout>
</alto>
