3303 4788
1205 77 354 90 imo plura

138 135 1461 146 Experim. V. construi possunt duo Baroscopia

122 220 1650 165 ineodem Tubo continio, alterum super alterum libere

122 303 1616 175 pendens, non nisi aere divisa, quae tamen accedere

101 420 873 167 ad se invicem non possint.

835 505 157 80 nova

1442 452 466 122 ad usum percomodum

157 542 1623 149 Experim. V. Hinc Praxis sequitur parandi Baroscopium

143 651 1552 154 aerismutationes indicans Mercurio altitudinis

385 619 900 120 externi r aeque ut commune

143 728 2904 155 et Tubo longitudinis quantulaecunque, imo corpore alio exacte adaptato solido

138 805 2289 176 dummodo altitudo Tubi sit circiter liquidove quocunque

2332 891 34 94 a

159 912 1555 181 pollicibus major altitudine Mercurii, quia scilicet

159 1013 1563 165 variatio altitudinis Baroscopii est aliquot pollicum

154 1117 1528 157 inter 27. et 30. circiter. Id ita fiet esto

138 1210 1501 167 Mercurius altitudinis quantulaecunque ab. locatus din

143 1290 1491 170 medio Tubi Cd. in summo c. claus infra in d.

117 1377 1535 157 aperti aer ntra Mercurium et Tubi summitatem

146 1455 1474 159 sit consistentie ordinariae, qualis est sine tensione e

141 1537 1498 152 cumpressione quod fiet si Mercurio tempore mer–

146 1614 1474 146 curii introducti, extremum c. sit

146 1691 1482 147 apertum postea claudatur. Ita aer non erit

151 1758 1528 183 tensus, quia pondus ab. non descendit est enim

138 1842 1594 182 27 pollicibus minus per dicta Exp. praeced. Hinc

135 1931 1544 204 pondus seu pressio aeris externi nec demittet

122 2032 1546 178 Mercurium ab. quia is non satis fortis est ad

135 2117 1587 189 eam pressionem superandam, nec sursum pellet.

154 2215 1472 168 versus c. quia aer ca est ordinarius et

135 2287 1563 178 allevato Mercurio ab. ultra statum ordinarium

159 2364 1730 192 esset comprimendus cum tamen almosphaerae pressio in

157 2447 1495 197 aerem ordinarium nihil possit, nisi quatenus

157 2542 1541 179 ejus gravitas augetur. Nam si minuitur

167 2622 1493 186 tantum abest ut agat in aerem ordinarium, ut

157 2683 1602 211 aer ordinarium, agat in externum eumque repellat,

1317 2761 136 77 quatr

157 2790 1578 194 Ergo Mercurius ab. attolletur tantum, quanm pressio

159 2878 1528 181 aeris externi augebitur, et minuetur, u

157 2928 1594 205 pr descendet, quando pressio aeris externi minuetur

1423 3005 211 91 plicius

149 3045 1453 208 Hoc Baroscopio nihil est commodius cum sufficiat

191 3125 1704 202 magnitude quanta thit eppresca est. Qualis portatilis est

1530 3189 37 74 a

143 3263 40 85 in

580 3253 37 74 eb

191 3218 1488 176 manni includi potest. Cumque Adee quod potes

151 3303 1453 173 loco Mercurii liquor alius quilibet adhiberi, neque

159 3388 1504 163 enim pondus quicquam ad rem pertinet. Quia non

149 3465 1447 160 inter ipsu ab et aerem externum, sed inter

135 3535 1520 194 aerem externum bd et ultra, internumque

159 3620 1512 189 ac aequilibrium est, pro cujus variationibus ab

170 3697 1605 189 aeris statu externi statu pendentibus, ab inmedio

2211 3787 378 91 duratio minor

191 3777 1893 189 positum huc illuc fluctuat. Ergo adhiberi potestaso

2201 3926 330 96 cetinetur

186 3936 1557 189 Huic solido in ab insistere authuic liquido

199 4029 1445 171 ab. innatare potest virunculus digito notas

215 4115 1371 164 numeros in Tubo  deccr iplos designans.

228 4237 610 136 Experim. VI.

891 4192 1067 165 Si aer in Tubo comprehensus ac.

218 4306 1605 189 sit compressus vel tilatatus et pondus  Mercurii

218 4410 1839 145 ac. altitudo minor est pollicibus dictis,  tunc aer internus

266 4482 1892 180 compressus Mercurium extrorsum pellet versus D.

2517 160 679 143 pondus divisio an Barusio

2661 242 301 101 pii exasra

2653 303 237 106 Attollere

2360 340 722 138 Expurgutio aeris per Mercurii

2400 428 258 116 descensum

2850 4524 116 112 11
