3509 3943
793 177 993 101 Jam ponamu corpus A, imipelli linea DE.

1827 179 857 90 Alibi autem a me ostensum est, in

694 240 954 119 linea qualibet alias omnes, contneri

1672 236 920 92 ideo qui impellit in linea D

2634 243 70 111 es

670 302 1949 118 etiam impellere putandus est in linea circulariEG quae centro F

653 365 2080 141 radio FE, describitur. Et ex omnibus lineis possibilibus, quibus impulsu cogitare

699 453 1939 142 potest fieri, ea eligetur qua facillime exctum sortitur impulsi, quia

2687 466 48 77 e

688 508 2062 157 omnibus punctis linea HF, remotissimum a puncto impactus E. (est punctu

694 587 2034 142 F, ideo maxmus etiam radius FE, at maximo radio; major motus

688 663 2007 151 seu facilior exitus. Haec causa est cur  corpora, quae altos

668 731 2036 164 nonnihil excelsa atque excelso loco impulsa, facilius evertantur quam

657 797 2133 186 propellantur caeterum quanto minor est EH et major HF tanto facilior

659 869 2128 191 eversio est., cujus rei ratio est, quod quanto HF longior est tanto magis

677 939 2126 197 corpus ponderat in H, tanto qu difficilius elevatur, quod demen ad eversionem

670 1020 2117 202 necesse est. Conferenda ergo gravitas corporis ex  in H ex centro F

664 1185 471 131 cum attritu ipso

1233 1097 1530 175 HF Ergo quanto si Hi brevis, corpus facilius evertetur

670 1187 2150 201 et si attactus parum versus H, multum versus F. sed hae facilia, corpus eversu

668 1257 2084 219 ponatur in aliam quandam faciem FK qualis fuit HF procederes

692 1347 2082 197 ac denique ipsas HF, et FK, esse admodum parvas atque sici statis

672 1432 2076 186 en formes habebinus id quod rotam vulgo appellamus in quo linea

661 1500 2087 202 HF valde parva EH infinities major ideoque eversio facillima

664 1585 2145 215 Continuo repetenda ob figurae in se recurrentis unformitatem. Manifstim

675 1673 2093 188 est autem huie eversionis motui attiitum non obestare neque aut raplura

668 1739 2102 210 flexaque scubriti grarium scabiarum, neque subsul tatione corporis ad eas separ

683 1820 2010 208 das opus esse. Hinc jam colligitur quanto rotae sunt majores tanto

648 1943 1403 208 esse utiliores eo enim major est linea FC.

657 1984 2032 230 Hinc colligo si currus non centris, rotarum inniteretur sed tangentis

672 2098 2021 188 more ipsi incumferentiae incumberet, celerius itarum sed rationem

677 2157 2045 221 habuisse homines, quod centris incumbere maluem qua ita eadem

655 2227 2069 226 rota perpertuo servit, at posteriore modo continuo rotarum serie ad

661 2302 2074 223 curgum perpetur sustinendum opus foret aut arte, qua rota deserta seu

681 2389 2091 235 posterior subito inter priores Collocaretur qud mescio an Nec credo

679 2468 2126 228 lucium fore tantum ut incommoditatem sit pensatutum. Cur rotae radios

690 2554 1997 241 habeant, non solidae sint orbium instam ratio est ut quantum

2224 2635 31 79 s

2342 2639 413 94 patet quoue

683 2657 1497 208 poterat, salous firmitate de pondere detraheretur

668 2711 2113 222 cur vietores, (les Tonneleis) toanas sive vasa lignea fasilius per plateas

657 2795 2082 203 provolvant, quam portent etsi enim attritus obstet, pro volventi; non

668 2845 2111 245 obstet portanti, tamen portans onus sustinet, quod cum provolvis sustinet

707 2950 1780 208 terra, Altritus nutem  valde dimimuus est, ope rotae.

729 3025 2050 223 Menueretur ad huc amplius attritus, si currus non inaequalibus ploteis

707 3121 2012 199 aut etiam profunda terrastimoque sed tabulis planis, irent, quem in

683 3171 2019 255 finem fieri posset, ut tabulae se perpetum substernerent rotis, aliae

679 3266 2126 221 datus aliae, atque inseri in vicem redeuntes. Quod et nonnullos non inflli

681 3430 693 153 auter molitos intelligo

2851 289 651 131 innitentibus et relicis.

2899 201 605 121 Caeterum non rebus tant

2871 389 631 117 quibus motus vae regu

2875 462 629 142 a pondere A attrahi pono

2877 558 627 112 primum trochleae inguo

2877 637 627 149 fore, contra trochlea

2901 738 603 146 pabet idem fieri quod

2895 898 605 120 contra axem non

2967 799 537 134 EF, unde et faci

2895 952 600 145 hoc enim idem quod

2875 1047 618 162 sed quod vis movens

2818 1206 671 149 axis et trocilae minor,

2869 1141 629 122 has movers majo

2831 1290 667 127 aliud oriri incommodo

2921 1373 579 136 procnde attritus majus

2906 1454 598 146 cum attritus qui supela

3344 1557 156 110 Esfto a

3395 1640 96 105 quo

3408 1717 65 107 A

3386 1857 116 75 intel

3368 1925 127 103 motus

3324 2008 178 114 B attiu

3305 2091 199 121 suo, tu

2905 2201 577 120 Subjicere placet

2930 2265 570 138 Aitotele motam, de

2875 2341 601 145 Tacquet, et Franciscus

3436 2435 53 98 R

2947 2865 373 92 E perveniet n

2943 2930 552 134 contrnue applicatur

2956 3009 548 125 at recta FG aequali

2957 3101 534 119 circumferentia

2916 3154 586 153 u clarius intelliam

2912 3259 590 134 quod itea provo lven

2941 3323 559 120 nonniti ex rota c.

2945 3399 557 121 filum esse circum

2910 3480 592 158 Respondetur regando )a

2897 3581 289 125 longruere

2974 3662 28 58 b
