2880 3782
94 92 2039 141 causas causas, cur corpora projicia majora longrus projiciantur cur

1646 134 477 109 difficili impellatus

94 151 1520 159 pendula edalia oscillantia cessent, cur corpus majus

145 212 1990 178 quam minus, etiam quando pondere caret, ut s n aqua fenelibratum

159 346 465 109 intelligatur.

632 275 1487 162 Et tunc experiundum est discrimen ne notabile

178 352 1968 192 inter plumbum, et  Corpus hibus solidum, quod tamen solido

172 432 1968 198 circummunitum est. idemque circiter volumen occupa cum priore.

155 495 2024 219 prod posset dici adhuc intra aquam esse resistentiam quandam mator

262 558 1884 221 n ipso cavo corporis, materiae aethereae cuncta pervadentis

147 630 1963 237 sed experimentum hoc plurimum lucis afferet pone corpus ejusmodi

121 716 2021 223 bene libratum exigno arcu horvontaiter explodi, e aliud similiter

1402 777 651 141 lices observatur est

149 827 1192 183 videndum, an differentia in projectu.

168 968 380 111 globo pila

571 823 1598 227 plumbea aut lignea ex summo tecto demittantur

187 897 1988 262 discri am temporis quo terram attinu ant vix ac ne vi vix quidem

714 972 1358 223 ta est fateor, sed hoc inde evenit, quod initium

163 1121 370 120 sensibile esse

145 1052 1971 256 xscensu lentum, cui parum obsistit aer aetherve, crescitque sane

687 1126 1461 187 in spatio satis magno ita ut ultimus ejus impetus

197 1256 456 128 sed nondum satis

172 1197 1890 250 lapidis descendentis, non sit major ejusdem primo impetue

786 1264 1387 210 sed et quod ad celentatem attiue, arbitior

195 1405 425 116 maru projecti

636 1430 43 51 .

771 1432 32 66 et

1795 1340 269 124 usque adeo

161 1372 1606 231 pitam plumbeam ligneamque arcu projectes non ad

855 1422 1171 191 sed impeto diferunt plurimum odem

172 1533 622 137 caleritate differre.

170 1495 1934 246 ictuis quem ferent, quemadmodim pila plumbea ligneaque

155 1588 1940 225 quia pita liguem reapse pro majore haberi debet, Corpus

628 1743 109 70 ud

166 1645 1898 273 autem agit non tantum celeritate sed et magnitudine perinde, ut

197 1733 1888 263 tras: trabs a flumine acta, si major est, fortius agit, quia pars

147 1823 2022 246 ejus quaelibet separatim a flumne impeblitur tenu tenduntque, omnes

124 1876 2028 260 in idem ab connexionem; ut una impellem impingente tota impingere

767 2031 324 114 Eodem modo

1103 1941 1032 181 quod flumea trabi id impetus im

1570 2006 578 170 seu ei conatum dedit

111 2088 553 120 videatur in pontem

111 2073 1396 238 pressus pile qui in quamlibet ejus partem egit

1408 2111 750 158 tensus nunc pilam plum

237 2199 1095 166 Experieundum, an arcus idem eodemqu

180 2187 1957 241 beam majorem nunc minorem in plano horigontali projiciat, quae futura

765 2264 1320 173 seritatis motus, et ratione ictus quem dat. Haec

159 2380 578 128 differentia, ratione

193 2315 1947 252 in tabula marmorea arcu, adhibitis majoribus pilis,  longius justo projiciat

182 2376 1913 252 et sub finem posita re mobili, cui pondus applnsum ex aqua elevandum

182 2443 1981 254 ita ut elevatum rusus intrare nisi nostro permissu nequeat, et ut lmpus

163 2504 1951 250 potetur, adhibendum pendulum vibrans saepissime, et cum incipit, ficibus

147 2569 1976 246 impinget in quaedam, quae in pendulo notabunt. Videndum quid fiat

147 2645 1953 231 si arcus duassimul pllas majorem, minoremque projiciat, nunc ejudem materiae

708 2704 1350 172 loco arcus tensi athiberi potest pondusc dens ex

145 2840 456 100 nunc diversarum

151 2767 1923 223 cepta altitudine, et cadendo filum adducens quod chardam agere

167 2823 1943 225 facit, qualis est arcu: et ita in tabula satis lata plura experi

1433 2985 259 78 proportiun

190 2922 1670 198 menta ejgmodi simul fieri possunt rectiusue discerpi tempus

510 3101 72 59 si

609 2994 1556 182 ex.d emittatur bila mgna, et pila valde parva

588 3057 1509 191 quaesti est, an tamum impetus sit in parva quantu

1343 3109 874 130 Itam co sane non est, compoan

534 3181 756 134 fuisset in proportionata

456 3170 1723 212 dum quaenam pila sit proportionata et cur. Anus parvae isti

320 3347 329 86 pilae non

704 3244 1446 174 tantum ictus imprimet quantum magnae

257 3311 1878 185 cur ita? an quia imprimatur isi quantum resistitur

258 3384 1848 179 pila autem ista exigua o resistit. Et sane resistentiam videtur

277 3450 1877 189 plurimum ad rem pertinere sed cur ita? Experiendum an res
