2917 4625
57 51 634 118 constructio hoc redit:

508 185 926 154 BC. cupreus amplitudine pollicaris

501 272 927 136 7. ulnarum huic conjunctus in C. alius

496 359 930 134 DE cuiuerta  spiritus vim quan–

488 426 946 121 titus infundisu Hus in c immilus

488 501 889 105 titur tilulus alius eL in eo a–

485 555 848 125 tans, in aequilibrium cum spiritu

472 596 964 151 vini redactus per injectas globulas

436 683 954 136 plumbeos ne ejus ex superficie

431 750 990 118 emineat.  Tubus clauditur

444 809 943 144 inde extrahitur tantum aeris ex

442 886 1001 149 Tubo A. nose ee aliqua medio, po

106 958 1248 175 prumo sae ac frigida noctes ingruunt

120 1022 1236 198 ita ut hun ica eousque extrahens donec

77 1102 1315 195 cancula circiter ad medium assurgat tubo

128 1382 524 151 mmata suma

647 1379 774 147 locus medius exhauries

159 1467 426 123 tubi ostendet

123 1456 1290 237 ergo pro lubitu. Calida tempestate de.

107 1546 964 203 tendet frigida ascendet virunculus

82 1600 1310 216 et aliad Themnometrum Gerickii su imagun–

100 1670 1249 215 cula vitrea, immittatur in Tubum vitreum

95 1734 1308 223 2 vel 3. ulnarum langum, ita ut in eo libere

64 1880 1336 234 media medium in tubo locum tenebit append

69 1973 1341 198 adbilancem vitreu recipientem apertum invenias ca–

61 2070 925 170 lida tempestade leviius, frigida gravius

95 2132 1342 177 Ggerick. lib. 4. c. 1. vitates mundame sunt viventis

107 2212 1255 164 hmo animae sentieutis. Virtus est aut corporemo

92 2356 1285 154 ludi virtutes corporeas seu odores, exqubus et aer est. vir–

105 2430 1275 149 tutes incarporeae propagantur etiam per solida,

123 2515 1195 136 omntae hoc habent ut in longiore distantia vis

107 2572 1267 138 attermetur ac denique evanescat Reflectuntur

84 2651 1213 134 etiam, ac in subjectis habilibus velut figuntur

526 2695 872 121 Cap. 2. Vptus impultiva, magis reci.

95 2764 1331 152 pitur in corporeagis denso compactove et majore

82 2821 1313 167 acelerationem Duorum corporum ejusdem maae et

84 2890 1311 167 aeque solidorum, id quod majus est citius descendit,

69 2975 1305 146 (ego dubito +) globus plumbeus duarum uncuarum

97 3031 1272 175 citius multo terram attingit quam unius unera

95 3098 1292 198 (+ dubilo) Arcus magnus saguttam justo minore

97 3165 1257 190 non eo projiciet quo majorem. Globus plucubus

100 3224 1277 198 cumi alcigatus et in gyrrum vibratus vel

95 3306 1279 167 circumductus quanto majorcas tanto celeriusn

92 3371 1236 167 majore, circumferentia pt crcum duci Res

97 3445 1288 167 parva magnae parum vistutis impulsivae imprimen

92 3504 1285 167 potest. sic malleus incudi non sensibilem imprimit

87 3576 1226 172 effectum hujus virtutis, unide solea equorum

102 3633 1265 177 ferrea ein Huffeisem super incude hominis

97 3689 1311 193 ventri imposita malleo et acuto ferro discuti

125 3761 1333 219 seu in frustia conminui potst sine ullahominis laesione

575 3851 802 139 Cap. 3 virtus impulsiva in

77 3913 1333 167 omnem partem operari ptet, ut in Hollandia experimntir

61 3980 1367 174 illi, qui super glaciem sollis ferreis induti no impeta

82 4052 1339 179 sum rectum quam circularem cursum instituere

51 4116 1336 200 possunt, (+ quaerendum quodo +). Experimm

45 4190 1332 193 tum circa vii impullluam etcularem. Sit

71 4283 1303 157 globitus plumbeus a.  mediante filo ab. ulligatus

77 4329 1341 167 baculo bC. hic glibulus a. beneficio iptus baculi ab aliquist

102 4393 1350 164 filum est in sebila longitud  evc propotht. s

909 51 561 105 magnituduo Recupients

479 123 989 126 Globus A aere plenus ex eo ex t Tubus

131 1158 1305 206 KL. descendente, quia vinum versu a

128 1243 1306 201 ascendit. + Rectius pro primo usu indeter

727 1318 705 136 longitudo, unus annus

92 1816 1346 208 pendeat, ea calida descendet, fprgida ascendet

92 2279 1343 154 aut incaporem effluvium. Otfactus est organon excipi–

1333 4445 119 102 de

1437 2068 986 163 cessaret. sed dicendum repovari a sole.

1459 3622 1298 230 item quousque assurgat prima vibratione data lon–

1477 47 1265 107 nata distantia opsimu in gyrum circum

1475 102 1241 124 Vci vel vibrari potest, Quando autem e

1534 161 1205 129 stantia seu filum nimis longum contra glo–

1508 215 1247 147 bulus ad tallem distantiam non satis poceris

1534 256 1251 170 habet, circumductio aut perfocitu diff cillime aut

1506 318 1251 170 renius in nullum volatum seu vibrationem per

1526 380 1277 157 duci pts. (+ videtur erggo tum demum fleri circulat

1511 439 1298 164 quando impressio satis fertis. An non recepti vilus

1503 501 1275 203 subjecti vi iimpressa pensari ptest? seu an ictus

1516 575 1239 185 fortis potest plumae impingi: non videturi

1534 637 1259 187 quia non satis resistit. Htinc experimenta

1482 719 1309 195 intuenda de ultimo termino projectio–

1524 788 1267 193 nis ad aliquam distantiam v.g. arenae gra–

1498 850 1277 190 rum satis longe produci potes. Imo verius nullus est

1498 912 1272 210 ultimti gradus. Sed potius determinam

1458 973 1307 206 alim dato pondere corporis, et vi projiciendis et

1454 1061 1321 192 medio, quusque projici possit, et plura conferenda

2665 1253 126 124 apas

1453 1110 1335 205 inter se, ut appareat an res reduciqueat ad

1451 1210 1119 190 alculum vide dervierii projectionem

1508 1336 1277 197 instar patiuae circa axem erectum ir–

1475 1397 1287 229 cum agas et injicias Globaelos marmoreos, ob

1488 1495 1303 187 circumactionem majores ad marginem acce–

1459 1554 1278 198 dent minores ad centrum se applicabunt et si

1462 1611 1339 233 sint diversa grana in paroiside ut a gra–

1524 1765 1272 187 scendent a centro. Hic ordo apparet in satelli

1441 1706 1360 193 na papaveris cannabis pisi semper, major

1440 1824 1363 205 tibus Jovis. (+ Si projiceruntur quasi a sole et simul

1457 1898 1352 198 circumagerentur planeta, et esset virtus illa impressa

1464 1975 1288 191 defcecens ut nit Gerickius, aliquot gyris absolutis

2467 2024 300 98 porro

1452 2088 1349 203 ampliorem locum ut aequalorem quaerunt, sicut

1431 2163 1372 200 in priore experimento globus pluubeus filo alligatus

1462 2225 1344 197 quando dibratur et pedenentium prolongatur filum

1467 2291 1339 193 magis et magjis ampliorem circumferentiam petit

1472 2361 1311 205 Et quamvis ob impressam virtutem aliquo mado

1459 2428 1283 218 vel sutra vel infra excedant, atque ad axem vel

1490 2500 1303 210 propicum accedant tamen semper revertuntur ad

1521 2579 1270 198 priorem vel ampliorem locum. + Instiuenda

1508 2625 1283 239 exempla in Truchis inter ejaculandum tortius

1973 2715 820 173 tendulorum oscillantium qualita

1498 2792 1298 206 tes princisales hae sunt; ut Galilaeque. Balians den

1485 2867 1288 200 delinus ficciolus aliique notavere +. Duorum per–

1488 2931 1287 198 pendiculorum in omnibus aequalium praeterquam in al

1470 3006 1318 195 titudine, altitudinem munorem ad majorem ita se

1482 3075 1306 206 habere, ut quadratum vibrationum majoris altitu–

1508 3139 1298 206 dinis ad quadratum vibrationum minoris, aequa

1467 3204 1326 213 li tempore peractarum, e e contrario: duoum per–

1493 3281 1280 218 pendiplarium in orbus aequalium praeterqua

2354 3335 439 120 notu perseverare

2351 3409 46 88 nn

2474 3430 13 49 a

1475 3396 866 162 in travetate, gravius diutius p

1485 3404 1324 221 intra aequale tempus aequalm  vibra

1472 3471 1326 231 tionem peraere (+ Sed determinandum quanto. An

1470 3556 1328 218 Scilicet,ut raoes duciliei gravitatis. Determinantum

1495 3684 1254 213 ritudine, et gravitate. An longius sed aeque graves,

1490 3759 1280 192 habeat omlia proportionalia breviori. An vibratio

1485 3823 1298 190 una hujus sit diuturnior una altrius. Longiora an fa–

1466 3872 1327 187 cant multo majores vibratones sen diuturmiores. Sidetermiau

1470 3941 1313 198 datu longitudine et gravitate quousque assurgat

1524 4013 1272 162 pendutum et hoc potissimum est, inde quousque secundo tempore

1485 4082 1270 149 assurgat. hinc etga ora demonstrab antur +s Non

1488 4126 1323 172 est detecta vera proportio quomoddata altitudine

1459 4190 1337 170 seu longitudine perpendiculi opus sit pondere ad virtutem

1456 4265 1327 151 impulsivam gyrantem. Nam hoc facto ex planetae mo

1493 4321 1292 147 Iuperi odici desmnari posset radius seu diltata a sole

1452 4445 195 108 teid F.

1642 4386 1102 125 opoigo Telluris periodi ad diamarum distantiam

1950 4460 237 104 ine

2685 4404 103 105 te

1443 4402 13 132 s
