<?xml version="1.0" encoding="UTF-8"?>
<alto xmlns:xsi="http://www.w3.org/2001/XMLSchema-instance"
      xmlns="http://www.loc.gov/standards/alto/ns-v4#"
      xsi:schemaLocation="http://www.loc.gov/standards/alto/ns-v4# http://www.loc.gov/standards/alto/v4/alto-4-2.xsd">
  <Description>
    <MeasurementUnit>pixel</MeasurementUnit>
    <sourceImageInformation>
      <fileName>LH_37_3_0106v.jpg</fileName>
      
    </sourceImageInformation>
  </Description>
  
  <Tags>
    <OtherTag ID="BT16575" LABEL="MarginTextZone" DESCRIPTION="block type MarginTextZone"/><OtherTag ID="BT16576" LABEL="DamageZone" DESCRIPTION="block type DamageZone"/><OtherTag ID="BT16577" LABEL="DigitizationArtefactZone" DESCRIPTION="block type DigitizationArtefactZone"/><OtherTag ID="BT16578" LABEL="DropCapitalZone" DESCRIPTION="block type DropCapitalZone"/><OtherTag ID="BT16579" LABEL="GraphicZone" DESCRIPTION="block type GraphicZone"/><OtherTag ID="BT16581" LABEL="NumberingZone" DESCRIPTION="block type NumberingZone"/><OtherTag ID="BT16582" LABEL="QuireMarksZone" DESCRIPTION="block type QuireMarksZone"/><OtherTag ID="BT16583" LABEL="RunningTitleZone" DESCRIPTION="block type RunningTitleZone"/><OtherTag ID="BT16584" LABEL="SealZone" DESCRIPTION="block type SealZone"/><OtherTag ID="BT16585" LABEL="StampZone" DESCRIPTION="block type StampZone"/><OtherTag ID="BT27322" LABEL="text" DESCRIPTION="block type text"/><OtherTag ID="BT27323" LABEL="GraphicZone-formula-inline" DESCRIPTION="block type GraphicZone-formula-inline"/><OtherTag ID="BT27324" LABEL="GraphicZone-formula-complex" DESCRIPTION="block type GraphicZone-formula-complex"/><OtherTag ID="BT27325" LABEL="MainZone" DESCRIPTION="block type MainZone"/><OtherTag ID="BT27326" LABEL="GraphicZone-figure" DESCRIPTION="block type GraphicZone-figure"/><OtherTag ID="BT27327" LABEL="GraphicZone-formula-strikethrough" DESCRIPTION="block type GraphicZone-formula-strikethrough"/>
    <OtherTag ID="LT6926" LABEL="DefaultLine" DESCRIPTION="line type DefaultLine"/><OtherTag ID="LT6927" LABEL="HeadingLine" DESCRIPTION="line type HeadingLine"/><OtherTag ID="LT6928" LABEL="InterlinearLine" DESCRIPTION="line type InterlinearLine"/><OtherTag ID="LT11324" LABEL="default" DESCRIPTION="line type default"/>
  </Tags>
  
  <Layout>
    <Page WIDTH="2914"
          HEIGHT="4640"
          PHYSICAL_IMG_NR="282"
          ID="eSc_dummypage_">
      <PrintSpace HPOS="0"
                  VPOS="0"
                  WIDTH="2914"
                  HEIGHT="4640">
        
        <TextBlock HPOS="77"
                   VPOS="77"
                   WIDTH="1790"
                   HEIGHT="4416"
                   ID="r0"
                   TAGREFS="BT27325">
          <Shape><Polygon POINTS="77 445 125 4493 322 4492 1599 4435 1575 3378 1570 2615 1726 2580 1736 2418 1551 2419 1550 2365 1862 2335 1867 2181 1582 2180 1577 2007 1550 1572 1537 899 1557 570 1572 334 1564 77 86 90"/></Shape>
          
          
          <TextLine ID="eSc_line_cf5ed974"
                    TAGREFS="LT11324"
                    BASELINE="157 219 1232 162 1433 162" 
                    HPOS="152"
                    VPOS="82"
                    WIDTH="1281"
                    HEIGHT="180">
            <Shape><Polygon POINTS="1387 82 1366 82 1263 105 1237 87 1232 90 1206 90 1181 92 1155 92 1129 92 1106 126 972 128 936 105 930 100 925 103 899 103 874 105 848 105 835 105 794 116 655 149 528 152 492 136 459 121 446 121 425 139 399 162 286 164 263 152 229 134 226 134 224 134 180 134 177 136 152 154 157 219 157 262 206 262 206 260 208 260 211 260 211 257 237 234 299 250 301 250 304 252 345 252 345 250 348 250 350 250 350 247 371 229 422 242 425 242 428 242 551 219 582 239 585 239 587 239 590 239 598 239 685 221 737 232 740 232 742 232 745 232 747 232 817 203 897 224 899 224 902 224 905 224 907 224 912 224 969 206 1008 219 1010 219 1013 219 1016 219 1018 219 1023 216 1119 188 1206 208 1214 208 1217 208 1219 208 1222 208 1222 206 1224 206 1240 188 1315 177 1348 201 1351 201 1353 201 1356 201 1433 195 1433 162 1428 82 1413 82"/></Shape>
	    <String CONTENT="sphaerae potius quam cylinder. Unde illa"
                    HPOS="152"
                    VPOS="82"
                    WIDTH="1281"
                    HEIGHT="180"
                    WC="0.9894236028194427"></String>
          </TextLine>

          
          
          <TextLine ID="eSc_line_88156d09"
                    TAGREFS="LT11324"
                    BASELINE="159 309 685 275 1505 250" 
                    HPOS="154"
                    VPOS="185"
                    WIDTH="1351"
                    HEIGHT="144">
            <Shape><Polygon POINTS="159 329 536 329 538 329 590 311 600 309 618 309 724 322 727 322 729 322 781 301 789 299 791 301 809 314 812 314 814 314 817 314 892 296 918 291 941 293 1041 309 1044 309 1046 309 1147 283 1152 283 1155 283 1212 296 1214 296 1217 296 1219 296 1248 278 1258 278 1389 286 1392 286 1395 286 1451 270 1464 280 1464 283 1467 283 1469 283 1472 283 1475 283 1477 283 1505 265 1505 250 1503 206 1420 195 1418 195 1415 195 1387 208 1294 185 1291 185 1289 185 1248 188 1245 188 1242 188 1242 190 1214 216 1214 219 1155 219 1129 219 1041 195 1039 195 1036 195 1034 195 1031 195 1013 208 985 201 982 201 979 201 977 201 974 201 943 226 827 229 794 206 791 206 789 206 786 206 598 242 595 244 582 244 518 244 479 219 477 219 474 219 471 219 469 219 394 250 283 226 281 226 278 226 275 226 242 257 154 260 159 309"/></Shape>
	    <String CONTENT="alamplissima in smmmo spatia multarum"
                    HPOS="154"
                    VPOS="185"
                    WIDTH="1351"
                    HEIGHT="144"
                    WC="0.970096043638281"></String>
          </TextLine>

          
          
          <TextLine ID="eSc_line_b106d69d"
                    TAGREFS="LT11324"
                    BASELINE="206 386 1539 319" 
                    HPOS="201"
                    VPOS="252"
                    WIDTH="1338"
                    HEIGHT="163">
            <Shape><Polygon POINTS="1485 252 1482 255 1433 283 1317 265 1286 262 1284 262 1281 262 1279 262 1268 270 1227 293 1193 275 1181 268 1178 268 1175 268 1121 280 1021 306 889 309 866 299 853 291 850 291 848 291 845 291 843 291 832 301 814 317 657 322 644 314 621 296 618 296 616 296 613 296 500 324 492 324 469 309 466 309 464 309 461 309 459 309 415 329 412 329 368 311 366 311 363 311 268 314 265 314 201 340 206 386 206 415 451 409 453 409 474 402 515 389 567 399 590 402 593 402 595 402 598 402 603 396 624 384 685 391 701 394 704 394 706 394 714 391 742 381 755 389 760 394 763 394 765 394 768 394 771 394 786 389 825 373 881 384 905 386 907 386 910 386 928 381 974 366 1005 376 1018 381 1021 381 1023 381 1026 381 1052 376 1090 366 1237 366 1330 366 1333 366 1335 366 1348 360 1387 345 1536 350 1539 319 1534 252 1493 252 1490 252 1487 252"/></Shape>
	    <String CONTENT="utationum capacia sunt, quibus nih"
                    HPOS="201"
                    VPOS="252"
                    WIDTH="1338"
                    HEIGHT="163"
                    WC="0.9836258449975182"></String>
          </TextLine>

          
          
          <TextLine ID="eSc_line_559f7b9a"
                    TAGREFS="LT11324"
                    BASELINE="97 435 309 425" 
                    HPOS="92"
                    VPOS="394"
                    WIDTH="217"
                    HEIGHT="80">
            <Shape><Polygon POINTS="97 474 309 451 309 425 304 394 92 394 97 435"/></Shape>
	    <String CONTENT="aut parum"
                    HPOS="92"
                    VPOS="394"
                    WIDTH="217"
                    HEIGHT="80"
                    WC="0.9872440364625719"></String>
          </TextLine>

          
          
          <TextLine ID="eSc_line_1605b7a2"
                    TAGREFS="LT11324"
                    BASELINE="177 476 822 425 1539 389" 
                    HPOS="172"
                    VPOS="324"
                    WIDTH="1367"
                    HEIGHT="170">
            <Shape><Polygon POINTS="177 494 665 487 667 487 670 487 693 474 709 464 755 469 807 476 809 476 812 476 838 466 869 453 894 464 902 466 905 466 907 466 910 466 912 466 912 464 915 461 925 453 1003 458 1067 461 1070 461 1072 461 1093 453 1134 438 1165 451 1175 453 1178 453 1181 453 1183 453 1186 453 1186 451 1188 451 1188 448 1201 435 1315 425 1366 440 1369 440 1371 440 1374 440 1377 440 1382 438 1438 420 1539 430 1539 389 1534 340 1511 324 1508 324 1505 324 1503 324 1500 324 1498 324 1464 348 1459 350 1449 348 1405 340 1402 340 1232 363 1204 366 1199 366 1155 350 1152 350 1150 350 1147 350 1098 368 1049 355 1046 355 1044 355 1041 355 948 381 936 384 928 381 858 366 856 366 853 366 776 391 768 394 763 394 706 376 704 376 701 376 569 384 567 384 513 409 510 409 505 409 410 394 407 394 404 394 332 420 324 425 172 430 177 476"/></Shape>
	    <String CONTENT="taeris nostri status, attamen cylindri"
                    HPOS="172"
                    VPOS="324"
                    WIDTH="1367"
                    HEIGHT="170"
                    WC="0.9859314513833899"></String>
          </TextLine>

          
          
          <TextLine ID="eSc_line_a7230590"
                    TAGREFS="LT11324"
                    BASELINE="165 541 510 531 1003 487 1480 461" 
                    HPOS="162"
                    VPOS="409"
                    WIDTH="1318"
                    HEIGHT="176">
            <Shape><Polygon POINTS="165 564 239 564 283 585 286 585 288 585 348 580 350 580 353 580 402 549 410 546 435 549 526 556 528 556 531 556 559 541 562 538 567 541 606 564 608 564 611 564 613 564 750 554 752 554 755 554 755 551 758 551 776 528 781 523 825 525 930 536 933 536 1021 515 1059 507 1147 510 1232 510 1235 510 1237 510 1253 502 1273 494 1304 500 1379 515 1382 515 1384 515 1480 489 1480 461 1475 425 1325 409 1322 409 1175 433 1142 422 1139 422 1137 422 1134 422 1132 422 1132 425 1129 425 1114 445 1062 438 1059 438 1057 438 1054 438 1039 451 1036 451 977 440 974 440 972 440 969 440 943 456 881 438 879 438 876 438 874 438 752 469 750 469 693 451 691 451 688 451 685 451 683 451 683 453 680 453 665 474 662 476 631 479 531 484 487 484 453 466 451 466 448 466 446 466 404 484 376 471 373 471 371 471 368 471 366 471 366 474 345 494 345 497 309 497 306 497 237 479 234 479 232 479 229 479 162 502 165 541"/></Shape>
	    <String CONTENT="aerei od pondus, Mercuriique in Torricelliano"
                    HPOS="162"
                    VPOS="409"
                    WIDTH="1318"
                    HEIGHT="176"
                    WC="0.9444325990147061"></String>
          </TextLine>

          
          
          <TextLine ID="eSc_line_d9e00fdb"
                    TAGREFS="LT11324"
                    BASELINE="159 641 967 585 1201 554 1554 533" 
                    HPOS="154"
                    VPOS="482"
                    WIDTH="1400"
                    HEIGHT="208">
            <Shape><Polygon POINTS="531 531 358 546 355 546 353 546 353 549 350 549 330 574 327 580 265 582 260 580 250 569 247 569 244 569 242 569 239 569 216 582 206 587 154 587 159 641 162 685 185 690 188 690 190 690 193 690 193 688 195 688 198 683 211 670 234 680 252 690 255 690 257 690 340 685 342 685 345 685 358 672 384 652 466 665 515 672 518 672 520 672 546 659 554 657 575 657 636 662 639 662 642 662 644 662 644 659 647 659 652 652 662 639 685 649 698 657 701 657 704 657 758 644 799 636 822 641 853 647 856 647 858 647 861 647 874 636 912 613 977 623 979 623 982 623 1018 603 1299 585 1382 585 1410 600 1413 600 1415 600 1418 600 1428 600 1511 582 1552 590 1554 533 1549 489 1469 482 1467 482 1312 507 1304 507 1266 482 1263 482 1261 482 1258 482 1255 482 1193 515 1160 487 1157 487 1155 487 1152 487 1150 487 1080 518 1010 497 1008 497 1005 497 1003 497 1000 497 1000 500 997 500 977 525 920 510 918 510 915 510 912 510 869 528 776 512 773 512 771 512 768 512 768 515 732 546 729 549 719 549 660 538 657 538 655 538 652 538 631 554 629 556 624 554 567 528 564 528 538 531"/></Shape>
	    <String CONTENT="Tubo positaltitudo plurimum immatetur"
                    HPOS="154"
                    VPOS="482"
                    WIDTH="1400"
                    HEIGHT="208"
                    WC="0.942556619644165"></String>
          </TextLine>

          
          
          <TextLine ID="eSc_line_5f0ade7f"
                    TAGREFS="LT11324"
                    BASELINE="394 724 874 688 1369 667" 
                    HPOS="389"
                    VPOS="610"
                    WIDTH="980"
                    HEIGHT="142">
            <Shape><Polygon POINTS="394 737 433 752 435 752 438 752 603 726 616 724 618 724 655 739 657 739 660 739 789 714 799 714 817 714 1016 719 1018 719 1366 680 1369 667 1361 610 1191 639 1163 623 1150 618 1147 618 1144 618 1142 618 1106 628 1077 636 1046 634 967 626 964 626 961 626 959 626 941 641 928 652 866 647 809 644 807 644 804 644 801 644 791 654 783 659 711 659 634 659 631 659 629 659 626 659 616 667 608 672 595 667 544 652 541 652 538 652 536 652 533 652 513 670 453 657 451 657 448 657 389 680 394 724"/></Shape>
	    <String CONTENT="denti seu aeis mitus magnius"
                    HPOS="389"
                    VPOS="610"
                    WIDTH="980"
                    HEIGHT="142"
                    WC="0.9875944299357278"></String>
          </TextLine>

          
          
          <TextLine ID="eSc_line_ca8013f2"
                    TAGREFS="LT11324"
                    BASELINE="177 817 538 804 977 755 1446 721" 
                    HPOS="172"
                    VPOS="659"
                    WIDTH="1274"
                    HEIGHT="207">
            <Shape><Polygon POINTS="1328 670 1320 683 1286 672 1276 672 1266 672 1263 675 1240 685 1196 680 1191 680 1188 680 1186 680 1178 683 1031 721 997 703 995 703 992 703 990 703 987 703 964 719 928 703 918 701 915 701 912 701 910 701 892 708 863 719 856 711 848 703 845 703 843 703 840 703 838 703 799 716 771 724 750 719 716 714 714 714 711 714 709 714 709 716 706 716 701 724 691 737 629 752 590 744 587 744 265 781 232 768 208 757 206 757 203 757 201 757 172 768 177 817 177 850 278 866 281 866 283 866 342 840 373 848 376 848 379 848 381 848 384 848 384 845 386 845 389 837 407 853 410 853 412 853 415 853 559 822 567 822 572 822 647 840 649 840 850 824 853 824 907 796 920 788 1196 773 1206 773 1271 791 1273 791 1276 791 1446 755 1446 721 1436 659 1353 662 1353 670"/></Shape>
	    <String CONTENT="aeque gravitatem specificam, ac individualem"
                    HPOS="172"
                    VPOS="659"
                    WIDTH="1274"
                    HEIGHT="207"
                    WC="0.9754937060854652"></String>
          </TextLine>

          
          
          <TextLine ID="eSc_line_e13b10b6"
                    TAGREFS="LT11324"
                    BASELINE="136 915 786 863 1088 827 1469 809" 
                    HPOS="131"
                    VPOS="739"
                    WIDTH="1338"
                    HEIGHT="212">
            <Shape><Polygon POINTS="139 951 229 935 353 935 386 935 386 933 389 933 391 933 391 930 394 930 412 907 526 917 533 917 536 917 551 915 649 894 678 902 698 909 701 909 704 909 799 891 936 863 1010 860 1028 871 1044 879 1046 879 1049 879 1052 879 1054 879 1075 866 1088 858 1106 863 1137 871 1139 871 1142 871 1144 871 1147 871 1147 868 1160 858 1168 850 1240 850 1389 850 1392 850 1395 850 1469 827 1469 809 1459 739 1348 773 1224 763 1193 760 1191 760 1188 760 1173 768 1124 791 1090 775 1077 770 1075 770 1072 770 925 781 923 781 894 793 856 814 706 822 693 814 688 809 685 809 683 809 680 809 678 809 657 817 626 830 595 824 533 812 531 812 528 812 453 837 433 845 428 840 404 822 402 822 399 822 397 822 363 824 131 868 136 915"/></Shape>
	    <String CONTENT="mutant. Nam cum ventus aerem loco incum–"
                    HPOS="131"
                    VPOS="739"
                    WIDTH="1338"
                    HEIGHT="212"
                    WC="0.9771399796009064"></String>
          </TextLine>

          
          
          <TextLine ID="eSc_line_0d881278"
                    TAGREFS="LT11324"
                    BASELINE="136 987 995 920 1505 894" 
                    HPOS="131"
                    VPOS="824"
                    WIDTH="1374"
                    HEIGHT="212">
            <Shape><Polygon POINTS="136 1010 185 1010 193 1010 278 1036 281 1036 283 1036 286 1036 345 1005 358 997 391 1002 510 1018 513 1018 515 1018 518 1018 557 992 580 979 647 976 675 987 716 1005 719 1005 722 1005 889 992 892 992 894 992 894 989 897 989 907 976 923 956 1010 951 1041 961 1044 961 1046 961 1049 961 1093 946 1124 966 1126 966 1129 966 1132 966 1134 966 1139 964 1230 935 1297 956 1310 961 1312 961 1315 961 1317 961 1320 961 1325 956 1343 946 1505 946 1505 894 1495 824 1268 858 1248 845 1242 842 1240 842 1237 842 1235 842 1155 855 1059 868 1039 866 1008 858 1005 858 1003 858 1000 858 987 868 964 889 760 889 719 891 716 891 709 894 678 907 642 899 618 897 616 897 613 897 611 897 611 899 606 904 595 915 523 917 513 912 497 899 495 899 492 899 489 899 399 902 397 902 394 902 368 925 363 930 131 946 136 987"/></Shape>
	    <String CONTENT="bentem fert, minor est gravitas cylindri; sed et"
                    HPOS="131"
                    VPOS="824"
                    WIDTH="1374"
                    HEIGHT="212"
                    WC="0.9601461626589298"></String>
          </TextLine>

          
          
          <TextLine ID="eSc_line_b9682457"
                    TAGREFS="LT11324"
                    BASELINE="154 1062 1147 989 1467 976" 
                    HPOS="149"
                    VPOS="912"
                    WIDTH="1318"
                    HEIGHT="199">
            <Shape><Polygon POINTS="154 1090 183 1111 185 1111 188 1111 190 1111 193 1111 195 1111 232 1087 275 1103 278 1103 281 1103 358 1098 361 1098 417 1067 484 1090 487 1090 489 1090 492 1090 613 1056 644 1067 647 1067 649 1067 652 1067 729 1046 750 1059 752 1059 755 1059 758 1059 840 1041 850 1049 850 1051 853 1051 856 1051 858 1054 858 1051 861 1051 863 1051 863 1049 879 1036 954 1056 956 1056 959 1056 961 1056 1021 1033 1062 1049 1065 1049 1067 1049 1155 1044 1157 1044 1209 1015 1255 1036 1258 1036 1261 1036 1263 1036 1266 1036 1266 1033 1294 1005 1359 1002 1395 1020 1397 1020 1400 1020 1402 1020 1467 992 1467 976 1462 928 1415 912 1413 912 1410 912 1408 912 1405 912 1371 935 1366 938 1351 938 1230 925 1227 925 1103 953 1072 958 1052 956 967 943 964 943 907 948 905 948 902 948 902 951 899 951 887 966 881 974 801 976 789 974 747 958 745 958 742 958 740 958 737 958 709 979 698 987 456 1000 433 997 373 984 371 984 368 984 322 1002 296 1013 260 1007 190 997 188 997 185 997 149 1010 154 1062"/></Shape>
	    <String CONTENT="ideo quoque minor estaeris densitas cu"
                    HPOS="149"
                    VPOS="912"
                    WIDTH="1318"
                    HEIGHT="199"
                    WC="0.9368686542699212"></String>
          </TextLine>

          
          
          <TextLine ID="eSc_line_1f83955b"
                    TAGREFS="LT11324"
                    BASELINE="123 1126 443 1121 1477 1049" 
                    HPOS="118"
                    VPOS="984"
                    WIDTH="1359"
                    HEIGHT="188">
            <Shape><Polygon POINTS="126 1172 286 1139 410 1134 459 1149 477 1154 479 1154 482 1154 673 1141 675 1141 678 1141 693 1131 719 1113 750 1126 768 1134 771 1134 773 1134 838 1131 840 1131 843 1131 863 1116 869 1113 874 1116 897 1126 899 1126 902 1126 905 1126 972 1108 985 1105 990 1108 1013 1116 1016 1116 1018 1116 1021 1116 1023 1116 1023 1113 1036 1103 1044 1098 1049 1103 1067 1116 1070 1116 1072 1116 1075 1116 1191 1090 1235 1082 1255 1085 1315 1098 1317 1098 1320 1098 1322 1098 1356 1077 1366 1072 1377 1077 1402 1085 1405 1085 1408 1085 1410 1085 1413 1085 1428 1072 1436 1067 1475 1067 1477 1049 1467 984 1405 1005 1310 995 1302 995 1299 995 1297 995 1294 995 1253 1015 1227 1002 1224 1002 1222 1002 1219 1002 1217 1002 1175 1033 1090 1036 1028 1013 1026 1013 1023 1013 1021 1013 1018 1013 1016 1013 1016 1015 979 1044 910 1036 907 1036 812 1054 781 1031 778 1031 776 1031 773 1031 636 1041 580 1046 577 1046 575 1046 541 1074 453 1077 430 1062 428 1062 425 1062 422 1062 420 1062 350 1085 330 1067 330 1064 327 1064 324 1064 322 1064 319 1064 270 1090 118 1077 123 1126"/></Shape>
	    <String CONTENT="enim m prematur aaperit expanditus sese"
                    HPOS="118"
                    VPOS="984"
                    WIDTH="1359"
                    HEIGHT="188"
                    WC="0.9750073689680833"></String>
          </TextLine>

          
          
          <TextLine ID="eSc_line_4125b8d1"
                    TAGREFS="LT11324"
                    BASELINE="144 1211 1462 1126" 
                    HPOS="139"
                    VPOS="1067"
                    WIDTH="1323"
                    HEIGHT="190">
            <Shape><Polygon POINTS="1346 1090 1268 1077 1258 1077 1255 1077 1253 1077 1250 1077 1248 1080 1204 1105 1098 1111 1026 1092 1018 1092 1016 1092 985 1095 734 1134 595 1121 580 1121 577 1121 575 1121 564 1123 459 1152 422 1139 420 1139 417 1139 415 1139 353 1157 306 1139 304 1139 301 1139 299 1139 296 1139 288 1141 214 1167 139 1152 144 1211 146 1257 255 1250 257 1250 260 1250 293 1232 330 1242 335 1245 337 1245 340 1245 342 1245 350 1242 402 1216 479 1227 482 1227 590 1206 606 1219 608 1219 611 1219 613 1219 616 1219 665 1198 729 1208 771 1216 773 1216 776 1216 827 1201 866 1190 884 1196 910 1206 912 1206 915 1206 1005 1201 1008 1201 1010 1201 1010 1198 1023 1185 1031 1175 1046 1183 1059 1188 1062 1188 1065 1188 1178 1183 1181 1183 1214 1170 1222 1165 1224 1167 1245 1185 1248 1185 1250 1185 1253 1185 1302 1183 1304 1183 1307 1183 1307 1180 1310 1180 1325 1160 1328 1154 1462 1147 1462 1126 1454 1067"/></Shape>
	    <String CONTENT="quantum potest, ac proinde fit rarior ergo et"
                    HPOS="139"
                    VPOS="1067"
                    WIDTH="1323"
                    HEIGHT="190"
                    WC="0.9817417621612549"></String>
          </TextLine>

          
          
          <TextLine ID="eSc_line_e28b8f29"
                    TAGREFS="LT11324"
                    BASELINE="149 1288 1230 1216 1505 1208" 
                    HPOS="144"
                    VPOS="1162"
                    WIDTH="1361"
                    HEIGHT="162">
            <Shape><Polygon POINTS="149 1314 309 1324 312 1324 422 1314 425 1314 428 1314 446 1299 451 1296 461 1299 538 1309 541 1309 544 1309 577 1291 593 1283 629 1288 706 1299 709 1299 711 1299 771 1281 804 1270 858 1276 948 1283 951 1283 1028 1265 1034 1265 1036 1265 1103 1273 1106 1273 1108 1273 1142 1260 1165 1250 1183 1257 1201 1263 1204 1263 1206 1263 1209 1263 1212 1263 1212 1260 1219 1255 1235 1239 1505 1237 1505 1208 1498 1167 1302 1178 1299 1178 1237 1162 1235 1162 1232 1162 1230 1162 1160 1185 1152 1188 1144 1188 1075 1172 1072 1172 1070 1172 1005 1196 992 1198 985 1196 933 1183 930 1183 928 1183 925 1183 881 1203 871 1206 850 1203 755 1193 752 1193 750 1193 711 1208 624 1206 621 1206 618 1206 616 1206 598 1219 590 1224 577 1221 557 1214 554 1214 551 1214 477 1227 428 1234 420 1229 402 1216 399 1216 397 1216 394 1216 309 1224 306 1224 304 1224 283 1237 268 1247 144 1247 149 1288"/></Shape>
	    <String CONTENT="speciei levioris. Hnc apparet omnem mnta–"
                    HPOS="144"
                    VPOS="1162"
                    WIDTH="1361"
                    HEIGHT="162"
                    WC="0.997028244704735"></String>
          </TextLine>

          
          
          <TextLine ID="eSc_line_cca6bc02"
                    TAGREFS="LT11324"
                    BASELINE="141 1373 1281 1288 1482 1283" 
                    HPOS="136"
                    VPOS="1219"
                    WIDTH="1346"
                    HEIGHT="198">
            <Shape><Polygon POINTS="141 1399 193 1417 195 1417 198 1417 201 1417 314 1386 322 1386 337 1386 477 1389 479 1389 482 1389 528 1371 533 1371 536 1371 595 1384 598 1384 600 1384 649 1363 673 1381 675 1381 678 1381 680 1381 740 1379 742 1379 745 1379 745 1376 747 1376 758 1363 881 1368 884 1368 887 1368 972 1343 1093 1353 1095 1353 1098 1353 1175 1324 1178 1322 1224 1322 1232 1322 1258 1340 1261 1340 1263 1340 1266 1340 1268 1340 1271 1340 1294 1319 1322 1327 1325 1327 1328 1327 1482 1301 1482 1283 1472 1219 1325 1232 1322 1232 1286 1250 1235 1237 1224 1234 1222 1234 1219 1234 1217 1234 1214 1234 1209 1239 1178 1263 1059 1268 1028 1252 1023 1250 1021 1250 1018 1250 1016 1250 1000 1255 936 1278 887 1263 871 1260 869 1260 866 1260 863 1260 861 1260 853 1265 825 1288 675 1296 639 1283 624 1278 621 1278 618 1278 515 1291 513 1291 510 1291 508 1294 474 1314 136 1322 141 1373"/></Shape>
	    <String CONTENT="tionem in cylindio, seu gravitate in dividualius"
                    HPOS="136"
                    VPOS="1219"
                    WIDTH="1346"
                    HEIGHT="198"
                    WC="0.9895286125441393"></String>
          </TextLine>

          
          
          <TextLine ID="eSc_line_aaa70a8d"
                    TAGREFS="LT11324"
                    BASELINE="154 1448 693 1415 1462 1343" 
                    HPOS="149"
                    VPOS="1296"
                    WIDTH="1313"
                    HEIGHT="199">
            <Shape><Polygon POINTS="154 1477 226 1484 229 1484 232 1484 288 1466 296 1466 299 1466 399 1495 402 1495 404 1495 407 1495 410 1495 461 1453 471 1448 518 1448 639 1453 642 1453 644 1453 647 1453 647 1451 649 1451 657 1438 665 1430 693 1430 704 1435 734 1451 737 1451 740 1451 742 1451 745 1451 745 1448 747 1448 760 1430 820 1428 990 1446 992 1446 1227 1425 1230 1425 1232 1425 1232 1422 1235 1422 1250 1402 1289 1389 1333 1376 1369 1376 1382 1381 1418 1407 1420 1407 1423 1407 1426 1407 1428 1407 1431 1407 1462 1379 1462 1343 1454 1296 1291 1304 1289 1304 1250 1314 1165 1335 1036 1332 961 1332 959 1332 956 1332 918 1343 858 1361 814 1353 783 1348 781 1348 778 1348 755 1358 727 1373 642 1379 613 1371 585 1363 582 1363 580 1363 577 1363 551 1376 531 1389 433 1389 353 1389 350 1389 348 1389 345 1389 337 1397 327 1404 309 1399 278 1389 275 1389 273 1389 149 1412 154 1448"/></Shape>
	    <String CONTENT="conferre quoad derivari quoque in raritatis"
                    HPOS="149"
                    VPOS="1296"
                    WIDTH="1313"
                    HEIGHT="199"
                    WC="0.9651186119678409"></String>
          </TextLine>

          
          
          <TextLine ID="eSc_line_fa0abaf2"
                    TAGREFS="LT11324"
                    BASELINE="144 1541 533 1497 1503 1428" 
                    HPOS="139"
                    VPOS="1373"
                    WIDTH="1364"
                    HEIGHT="207">
            <Shape><Polygon POINTS="146 1580 237 1554 257 1572 260 1572 263 1572 265 1572 376 1564 379 1564 381 1564 386 1559 415 1538 484 1551 510 1554 513 1554 515 1554 546 1544 621 1520 711 1528 771 1533 773 1533 776 1533 778 1533 778 1531 791 1520 801 1513 827 1518 835 1518 838 1518 858 1515 979 1487 1155 1487 1175 1487 1175 1484 1178 1484 1183 1482 1222 1469 1242 1477 1281 1492 1284 1492 1286 1492 1346 1489 1503 1451 1503 1428 1498 1386 1317 1373 1315 1373 1312 1373 1232 1397 1186 1384 1183 1384 1181 1384 1178 1384 1175 1384 1175 1386 1147 1412 1144 1415 979 1425 977 1425 954 1410 951 1410 948 1410 946 1410 881 1422 843 1412 840 1412 838 1412 835 1412 832 1412 804 1438 801 1440 691 1446 662 1425 660 1425 657 1425 655 1425 652 1425 585 1451 557 1433 554 1433 551 1433 549 1433 453 1443 451 1443 448 1443 417 1469 415 1469 412 1469 358 1451 355 1451 353 1451 350 1451 348 1451 309 1477 291 1464 288 1464 286 1464 283 1464 281 1464 229 1482 226 1482 190 1466 188 1466 185 1466 183 1466 139 1484 144 1541"/></Shape>
	    <String CONTENT="denitatisus differentias seu differentiam Gravi–"
                    HPOS="139"
                    VPOS="1373"
                    WIDTH="1364"
                    HEIGHT="207"
                    WC="0.9658800487716993"></String>
          </TextLine>

          
          
          <TextLine ID="eSc_line_ec7dc4b5"
                    TAGREFS="LT11324"
                    BASELINE="146 1616 1237 1526 1477 1515" 
                    HPOS="141"
                    VPOS="1453"
                    WIDTH="1336"
                    HEIGHT="201">
            <Shape><Polygon POINTS="146 1642 177 1654 180 1654 183 1654 520 1626 523 1626 562 1611 567 1608 585 1608 685 1613 688 1613 691 1613 747 1598 789 1585 902 1585 943 1585 946 1585 948 1585 959 1582 990 1569 1052 1575 1103 1580 1106 1580 1108 1580 1134 1569 1170 1551 1477 1544 1477 1515 1472 1469 1408 1453 1405 1453 1402 1453 1400 1453 1369 1474 1364 1479 1201 1492 1188 1487 1147 1471 1144 1471 1142 1471 1139 1471 1137 1471 1111 1492 1103 1500 1088 1495 1044 1479 1041 1479 1039 1479 946 1487 943 1487 941 1487 920 1508 907 1518 814 1520 796 1515 765 1505 763 1505 760 1505 758 1505 755 1505 734 1518 729 1523 724 1520 696 1508 693 1508 691 1508 688 1508 629 1526 626 1526 549 1520 546 1520 544 1520 541 1520 520 1533 497 1549 471 1538 448 1528 446 1528 443 1528 440 1528 410 1541 368 1562 141 1562 146 1616"/></Shape>
	    <String CONTENT="tatem in dividualem: non contra: ac proindet"
                    HPOS="141"
                    VPOS="1453"
                    WIDTH="1336"
                    HEIGHT="201"
                    WC="0.9825635037638925"></String>
          </TextLine>

          
          
          <TextLine ID="eSc_line_a435d60d"
                    TAGREFS="LT11324"
                    BASELINE="149 1701 783 1652 1021 1618 1524 1585" 
                    HPOS="144"
                    VPOS="1523"
                    WIDTH="1382"
                    HEIGHT="214">
            <Shape><Polygon POINTS="149 1734 306 1737 309 1737 312 1737 342 1721 391 1701 508 1703 510 1703 513 1703 515 1703 515 1701 528 1691 585 1706 606 1711 608 1711 611 1711 745 1703 747 1703 771 1693 809 1678 822 1691 825 1691 827 1691 830 1691 832 1691 835 1691 835 1688 858 1662 907 1660 954 1680 956 1680 959 1680 961 1680 964 1680 1013 1649 1137 1642 1279 1660 1289 1660 1291 1660 1526 1642 1524 1585 1518 1536 1482 1523 1480 1523 1477 1523 1475 1523 1389 1546 1338 1531 1335 1531 1333 1531 1224 1556 1188 1546 1186 1546 1183 1546 1181 1546 1116 1572 1101 1577 1093 1575 1041 1554 1039 1554 1036 1554 951 1564 948 1564 946 1564 946 1567 943 1567 933 1582 902 1567 899 1567 897 1567 894 1567 845 1582 709 1580 706 1580 704 1580 701 1580 667 1608 665 1611 657 1611 603 1603 600 1603 598 1603 595 1603 580 1616 575 1621 536 1621 363 1624 361 1624 358 1624 358 1626 345 1636 345 1639 144 1652 149 1701"/></Shape>
	    <String CONTENT="quicquid individualis habet tile, id in sperifica"
                    HPOS="144"
                    VPOS="1523"
                    WIDTH="1382"
                    HEIGHT="214"
                    WC="0.9792227258487624"></String>
          </TextLine>

          
          
          <TextLine ID="eSc_line_f38fd81d"
                    TAGREFS="LT11324"
                    BASELINE="154 1778 662 1734" 
                    HPOS="146"
                    VPOS="1683"
                    WIDTH="516"
                    HEIGHT="165">
            <Shape><Polygon POINTS="157 1830 208 1848 211 1848 214 1848 366 1835 368 1835 371 1835 371 1832 373 1832 399 1801 410 1788 484 1783 497 1788 533 1807 536 1807 538 1807 541 1807 662 1768 662 1734 657 1696 538 1683 536 1683 487 1688 484 1688 482 1688 482 1691 464 1709 459 1716 146 1724 154 1778"/></Shape>
	    <String CONTENT="largius inesse."
                    HPOS="146"
                    VPOS="1683"
                    WIDTH="516"
                    HEIGHT="165"
                    WC="0.9978580435117086"></String>
          </TextLine>

          
          
          <TextLine ID="eSc_line_6dfba719"
                    TAGREFS="LT11324"
                    BASELINE="755 1734 1263 1685" 
                    HPOS="750"
                    VPOS="1634"
                    WIDTH="516"
                    HEIGHT="136">
            <Shape><Polygon POINTS="758 1770 915 1740 936 1758 938 1758 941 1758 943 1758 946 1758 951 1755 1000 1729 1266 1724 1263 1685 1255 1644 1183 1652 1181 1652 1157 1634 1155 1634 1152 1634 1150 1634 1147 1634 1067 1657 1018 1647 1016 1647 1013 1647 1010 1647 977 1672 977 1675 884 1683 840 1665 838 1665 835 1665 832 1665 830 1665 830 1667 809 1688 768 1683 765 1683 763 1683 760 1683 750 1691 755 1734"/></Shape>
	    <String CONTENT="Sec  recm"
                    HPOS="750"
                    VPOS="1634"
                    WIDTH="516"
                    HEIGHT="136"
                    WC="0.9352626270718045"></String>
          </TextLine>

          
          
          <TextLine ID="eSc_line_df939521"
                    TAGREFS="LT11324"
                    BASELINE="286 1863 642 1814 1475 1758" 
                    HPOS="281"
                    VPOS="1693"
                    WIDTH="1194"
                    HEIGHT="209">
            <Shape><Polygon POINTS="288 1902 415 1881 469 1886 471 1886 474 1886 477 1886 479 1886 508 1866 531 1879 533 1879 536 1879 538 1879 587 1853 624 1871 631 1876 634 1876 636 1876 706 1871 709 1871 711 1871 711 1868 719 1863 747 1835 783 1848 786 1848 789 1848 881 1827 915 1843 936 1853 938 1853 941 1853 943 1853 997 1835 1075 1809 1108 1817 1111 1817 1114 1817 1116 1817 1175 1801 1212 1814 1232 1819 1235 1819 1237 1819 1240 1819 1268 1807 1310 1788 1475 1786 1475 1758 1467 1719 1431 1719 1402 1696 1402 1693 1400 1693 1397 1693 1395 1693 1392 1693 1268 1734 1266 1734 1263 1734 1204 1709 1201 1709 1199 1709 1196 1709 1193 1709 1193 1711 1163 1742 1157 1742 1106 1740 1085 1721 1085 1719 1083 1719 1080 1719 1077 1719 1036 1721 1034 1721 1031 1721 997 1750 907 1732 905 1732 902 1732 840 1760 814 1745 812 1745 809 1745 807 1745 804 1745 801 1745 763 1773 711 1747 709 1747 706 1747 518 1794 515 1794 461 1768 459 1768 456 1768 415 1770 412 1770 410 1770 371 1807 281 1812 286 1863"/></Shape>
	    <String CONTENT="Sed et discrimen aliquod observandum"
                    HPOS="281"
                    VPOS="1693"
                    WIDTH="1194"
                    HEIGHT="209"
                    WC="0.9944950689872106"></String>
          </TextLine>

          
          
          <TextLine ID="eSc_line_48ae4ebe"
                    TAGREFS="LT11324"
                    BASELINE="134 1951 459 1925 631 1897 1387 1832" 
                    HPOS="128"
                    VPOS="1794"
                    WIDTH="1259"
                    HEIGHT="190">
            <Shape><Polygon POINTS="134 1984 260 1961 312 1972 314 1972 515 1953 518 1953 520 1953 551 1930 626 1938 629 1938 631 1938 670 1920 711 1928 714 1928 871 1902 925 1917 928 1917 930 1917 1018 1910 1021 1910 1023 1910 1052 1886 1098 1899 1101 1899 1103 1899 1106 1899 1108 1899 1139 1879 1242 1881 1245 1881 1248 1881 1250 1881 1250 1879 1253 1879 1261 1868 1387 1876 1387 1832 1382 1801 1255 1796 1253 1796 1250 1796 1248 1796 1230 1809 1199 1794 1196 1794 1193 1794 1119 1807 1095 1796 1093 1796 1090 1796 838 1832 722 1830 719 1830 716 1830 714 1830 675 1861 564 1843 562 1843 559 1843 557 1843 502 1876 500 1879 239 1899 237 1899 195 1886 193 1886 190 1886 188 1886 128 1907 134 1951"/></Shape>
	    <String CONTENT="est; nimirum variatio in cylindio parum"
                    HPOS="128"
                    VPOS="1794"
                    WIDTH="1259"
                    HEIGHT="190"
                    WC="0.9905803998311361"></String>
          </TextLine>

          
          
          <TextLine ID="eSc_line_16645d47"
                    TAGREFS="LT11324"
                    BASELINE="141 2005 165 2005" 
                    HPOS="141"
                    VPOS="1961"
                    WIDTH="24"
                    HEIGHT="80">
            <Shape><Polygon POINTS="165 2036 165 2005 165 1969 144 1961 141 2005 141 2041"/></Shape>
	    <String CONTENT="b"
                    HPOS="141"
                    VPOS="1961"
                    WIDTH="24"
                    HEIGHT="80"
                    WC="0.7676067352294922"></String>
          </TextLine>

          
          
          <TextLine ID="eSc_line_a536c9a7"
                    TAGREFS="LT11324"
                    BASELINE="165 2018 263 2020 801 1966 1003 1935 1441 1899" 
                    HPOS="162"
                    VPOS="1850"
                    WIDTH="1279"
                    HEIGHT="225">
            <Shape><Polygon POINTS="466 2020 502 2039 515 2044 518 2044 520 2044 523 2044 554 2033 611 2010 634 2023 649 2031 652 2031 655 2031 657 2031 698 2015 740 2000 765 2008 794 2015 796 2015 799 2015 915 1995 977 2000 979 2000 982 2000 1057 1972 1090 1961 1137 1964 1170 1964 1173 1964 1235 1951 1273 1943 1279 1946 1294 1953 1297 1953 1299 1953 1441 1925 1441 1899 1433 1850 1271 1850 1268 1850 1266 1850 1263 1850 1237 1868 1232 1871 1214 1871 1147 1863 1144 1863 1142 1863 1139 1863 1139 1866 1137 1866 1126 1876 1124 1881 1108 1879 1057 1871 1054 1871 1052 1871 1049 1871 1028 1886 1018 1892 1008 1886 985 1879 982 1879 979 1879 977 1879 925 1894 889 1904 869 1899 843 1892 840 1892 838 1892 835 1892 807 1904 783 1915 768 1907 758 1902 755 1902 752 1902 673 1915 598 1928 569 1923 544 1920 541 1920 538 1920 520 1928 484 1943 446 1933 435 1933 433 1933 430 1933 428 1933 428 1935 425 1935 412 1951 327 1959 288 1948 281 1946 278 1946 275 1946 216 1951 214 1951 211 1951 211 1953 208 1953 195 1969 162 1959 165 2018 167 2075"/></Shape>
	    <String CONTENT="siptiri pot efficit ad specificae variationem"
                    HPOS="162"
                    VPOS="1850"
                    WIDTH="1279"
                    HEIGHT="225"
                    WC="0.9765879617797004"></String>
          </TextLine>

          
          
          <TextLine ID="eSc_line_897e7d5a"
                    TAGREFS="LT11324"
                    BASELINE="136 2100 951 2028 1183 1990 1415 1977" 
                    HPOS="131"
                    VPOS="1923"
                    WIDTH="1284"
                    HEIGHT="208">
            <Shape><Polygon POINTS="139 2131 394 2118 397 2118 448 2100 489 2088 513 2095 541 2103 544 2103 546 2103 549 2103 551 2103 567 2088 577 2080 642 2072 652 2080 667 2093 670 2093 673 2093 675 2093 817 2064 863 2075 866 2075 869 2075 1028 2041 1067 2033 1083 2036 1150 2049 1152 2049 1155 2049 1157 2049 1186 2026 1186 2023 1415 2000 1415 1977 1405 1923 1204 1941 1201 1941 1193 1943 1139 1966 1080 1956 1067 1953 1065 1953 1062 1953 1049 1959 977 1984 928 1977 925 1977 812 1997 758 1987 734 1984 732 1984 729 1984 711 1992 665 2015 448 2033 412 2023 394 2018 391 2018 389 2018 386 2018 384 2018 373 2028 358 2041 337 2031 317 2023 314 2023 312 2023 309 2023 306 2023 306 2026 293 2036 281 2049 131 2051 136 2100"/></Shape>
	    <String CONTENT="nisi fiat in loco nobis vilino. Pone enim"
                    HPOS="131"
                    VPOS="1923"
                    WIDTH="1284"
                    HEIGHT="208"
                    WC="0.988169162738614"></String>
          </TextLine>

          
          
          <TextLine ID="eSc_line_d399d523"
                    TAGREFS="LT11324"
                    BASELINE="121 2180 1377 2057" 
                    HPOS="116"
                    VPOS="2013"
                    WIDTH="1261"
                    HEIGHT="211">
            <Shape><Polygon POINTS="126 2224 206 2201 255 2211 278 2214 281 2214 283 2214 309 2204 348 2188 363 2198 376 2206 379 2206 381 2206 384 2206 386 2206 422 2191 466 2173 487 2183 510 2196 513 2196 515 2196 598 2188 600 2188 603 2188 603 2185 606 2185 618 2170 631 2155 704 2149 758 2155 856 2162 858 2162 1036 2144 1039 2144 1041 2144 1041 2142 1067 2118 1075 2113 1090 2116 1170 2131 1173 2131 1175 2131 1178 2131 1209 2106 1279 2108 1281 2108 1284 2108 1377 2082 1377 2057 1371 2018 1204 2013 1201 2013 1199 2013 1147 2039 1085 2031 1083 2031 969 2054 938 2041 936 2041 933 2041 781 2075 626 2069 624 2069 562 2077 559 2077 557 2077 557 2080 536 2098 471 2085 469 2085 312 2124 198 2131 134 2118 131 2118 128 2118 126 2118 126 2121 123 2121 116 2129 121 2180"/></Shape>
	    <String CONTENT="summum Atmosphaerae motibus quibusdam"
                    HPOS="116"
                    VPOS="2013"
                    WIDTH="1261"
                    HEIGHT="211"
                    WC="0.9807641409538888"></String>
          </TextLine>

          
          
          <TextLine ID="eSc_line_2303e7e5"
                    TAGREFS="LT11324"
                    BASELINE="126 2252 1475 2136" 
                    HPOS="121"
                    VPOS="2080"
                    WIDTH="1354"
                    HEIGHT="203">
            <Shape><Polygon POINTS="128 2283 309 2276 312 2276 324 2271 371 2247 415 2263 425 2265 428 2265 430 2265 433 2265 435 2265 440 2260 469 2237 508 2252 510 2252 513 2252 515 2252 518 2252 557 2229 595 2245 606 2250 608 2250 611 2250 613 2250 616 2250 624 2245 642 2229 657 2240 662 2245 665 2245 667 2245 670 2245 709 2240 711 2240 714 2240 714 2237 716 2237 716 2234 734 2214 768 2232 773 2232 776 2232 778 2232 781 2232 789 2229 850 2201 1039 2188 1095 2201 1114 2206 1116 2206 1119 2206 1121 2206 1142 2198 1181 2183 1250 2188 1289 2191 1291 2191 1294 2191 1312 2183 1361 2160 1395 2175 1397 2175 1400 2175 1475 2167 1475 2136 1467 2080 1379 2100 1356 2090 1353 2090 1351 2090 1348 2090 1346 2090 1346 2093 1325 2113 1284 2098 1279 2095 1276 2095 1273 2095 1271 2095 1258 2100 1181 2126 1093 2116 1083 2116 1080 2116 1077 2116 1072 2118 1026 2139 995 2129 992 2129 990 2129 881 2152 830 2142 796 2136 794 2136 791 2136 789 2136 778 2147 760 2162 732 2152 709 2144 706 2144 704 2144 613 2152 611 2152 608 2152 608 2155 595 2165 580 2180 456 2180 301 2180 299 2180 296 2180 293 2180 270 2198 263 2204 121 2211 126 2252"/></Shape>
	    <String CONTENT=" at agitati, atinum vaporibus onerari"
                    HPOS="121"
                    VPOS="2080"
                    WIDTH="1354"
                    HEIGHT="203"
                    WC="0.9359297994020823"></String>
          </TextLine>

          
          
          <TextLine ID="eSc_line_9e7f8110"
                    TAGREFS="LT11324"
                    BASELINE="113 2320 1521 2204" 
                    HPOS="108"
                    VPOS="2144"
                    WIDTH="1413"
                    HEIGHT="227">
            <Shape><Polygon POINTS="121 2371 172 2340 224 2361 229 2361 232 2361 234 2361 304 2356 306 2356 309 2356 317 2350 368 2320 461 2335 469 2335 471 2335 474 2335 479 2332 513 2320 533 2327 551 2335 554 2335 557 2335 559 2335 562 2335 575 2322 603 2301 678 2312 698 2314 701 2314 704 2314 716 2309 750 2291 768 2304 783 2314 786 2314 789 2314 791 2314 899 2307 961 2301 964 2301 967 2301 967 2299 985 2281 997 2268 1034 2276 1070 2281 1072 2281 1075 2281 1077 2281 1077 2278 1088 2271 1095 2258 1242 2247 1258 2252 1299 2265 1302 2265 1304 2265 1307 2265 1374 2240 1377 2240 1379 2240 1485 2250 1487 2250 1490 2250 1493 2250 1521 2227 1521 2204 1513 2144 1449 2149 1446 2149 1444 2149 1444 2152 1441 2152 1423 2175 1382 2155 1377 2155 1374 2155 1371 2155 1294 2162 1291 2162 1289 2162 1286 2165 1242 2193 1072 2193 1070 2193 964 2214 910 2204 907 2204 801 2227 752 2216 719 2209 716 2209 714 2209 711 2209 711 2211 698 2222 683 2237 647 2227 626 2219 624 2219 621 2219 618 2219 616 2219 616 2222 606 2229 595 2240 582 2232 564 2222 562 2222 559 2222 448 2232 446 2232 443 2232 420 2247 399 2260 376 2252 345 2240 342 2240 340 2240 337 2240 299 2258 273 2273 108 2276 113 2320"/></Shape>
	    <String CONTENT="sane plus ad nos haec oneratio, quam allevatio"
                    HPOS="108"
                    VPOS="2144"
                    WIDTH="1413"
                    HEIGHT="227"
                    WC="0.98372388145198"></String>
          </TextLine>

          
          
          <TextLine ID="eSc_line_15533a10_a"
                    TAGREFS="LT11324"
                    BASELINE="116 2402 580 2350 1369 2289 1864 2262" 
                    HPOS="110"
                    VPOS="2193"
                    WIDTH="1756"
                    HEIGHT="243">
            <Shape><Polygon POINTS="1820 2193 1818 2193 1815 2193 1812 2193 1709 2224 1709 2227 1547 2237 1544 2237 1446 2222 1444 2222 1101 2260 977 2258 974 2258 972 2258 871 2289 869 2289 863 2289 763 2281 760 2281 758 2281 711 2296 649 2283 647 2283 644 2283 533 2314 528 2317 518 2317 252 2317 250 2317 110 2345 116 2402 118 2436 281 2405 391 2410 394 2410 397 2410 464 2389 515 2399 518 2399 520 2399 634 2371 866 2376 930 2376 933 2376 936 2376 956 2368 1003 2348 1119 2350 1121 2350 1124 2350 1173 2330 1273 2338 1276 2338 1279 2338 1346 2317 1423 2327 1472 2335 1475 2335 1640 2322 1642 2322 1694 2307 1753 2286 1797 2296 1841 2307 1843 2307 1863 2303 1866 2206"/></Shape>
	    <String CONTENT="illa peitinebit: at motus massae nobis vicinae, seu venti"
                    HPOS="110"
                    VPOS="2193"
                    WIDTH="1756"
                    HEIGHT="243"
                    WC="0.9757191685208103"></String>
          </TextLine>

          
          
          <TextLine ID="eSc_line_89d2113b"
                    TAGREFS="LT11324"
                    BASELINE="123 2472 670 2430 1518 2343" 
                    HPOS="118"
                    VPOS="2301"
                    WIDTH="1400"
                    HEIGHT="232">
            <Shape><Polygon POINTS="126 2505 198 2533 206 2533 219 2531 288 2490 293 2487 301 2490 335 2495 337 2495 410 2479 417 2477 422 2477 531 2508 533 2508 536 2508 538 2508 642 2477 660 2492 660 2495 662 2495 665 2495 667 2497 667 2495 670 2495 673 2495 673 2492 719 2448 722 2448 765 2454 768 2454 771 2454 799 2441 804 2438 809 2441 871 2474 874 2474 876 2474 985 2464 987 2464 990 2464 1016 2443 1077 2456 1080 2456 1116 2451 1119 2451 1121 2451 1121 2448 1163 2407 1165 2402 1201 2402 1204 2402 1237 2425 1240 2425 1242 2425 1245 2425 1248 2425 1250 2425 1276 2402 1518 2371 1518 2343 1511 2307 1410 2317 1402 2314 1366 2301 1364 2301 1361 2301 1359 2301 1325 2317 1302 2301 1299 2301 1297 2301 1294 2301 1291 2301 1289 2301 1289 2304 1286 2304 1268 2327 1266 2327 1181 2312 1178 2312 1175 2312 1173 2312 1129 2338 1088 2322 1085 2322 1083 2322 961 2332 959 2332 956 2332 956 2335 936 2356 928 2366 776 2376 763 2371 732 2356 729 2356 727 2356 724 2356 722 2356 722 2358 704 2376 698 2381 688 2376 644 2363 642 2363 639 2363 636 2363 634 2363 600 2384 577 2399 466 2407 448 2397 422 2384 420 2384 417 2384 286 2397 283 2397 250 2415 221 2430 203 2420 180 2407 177 2407 175 2407 172 2407 118 2425 123 2472"/></Shape>
	    <String CONTENT="sine gubit non pondus tantum, sed et densitatem"
                    HPOS="118"
                    VPOS="2301"
                    WIDTH="1400"
                    HEIGHT="232"
                    WC="0.9891574268645429"></String>
          </TextLine>

          
          
          <TextLine ID="eSc_line_d45cb730"
                    TAGREFS="LT11324"
                    BASELINE="118 2544 391 2523" 
                    HPOS="113"
                    VPOS="2472"
                    WIDTH="278"
                    HEIGHT="118">
            <Shape><Polygon POINTS="118 2570 180 2590 183 2590 185 2590 314 2580 317 2580 319 2580 319 2577 342 2557 342 2554 391 2552 391 2523 381 2472 332 2495 270 2487 247 2484 244 2484 242 2484 224 2492 198 2508 113 2508 118 2544"/></Shape>
	    <String CONTENT="mutant"
                    HPOS="113"
                    VPOS="2472"
                    WIDTH="278"
                    HEIGHT="118"
                    WC="0.9998715817928314"></String>
          </TextLine>

          
          
          <TextLine ID="eSc_line_5ec08c11"
                    TAGREFS="LT11324"
                    BASELINE="355 2582 1080 2500 1534 2469" 
                    HPOS="348"
                    VPOS="2394"
                    WIDTH="1186"
                    HEIGHT="217">
            <Shape><Polygon POINTS="358 2611 1534 2492 1534 2469 1524 2394 1276 2405 1273 2405 1271 2405 1242 2425 1219 2443 1147 2438 1106 2436 1103 2436 1101 2436 1098 2436 1088 2446 1070 2459 1046 2448 1000 2433 997 2433 995 2433 992 2433 990 2433 956 2461 941 2472 879 2469 853 2469 850 2469 848 2469 835 2474 814 2484 781 2482 742 2477 740 2477 737 2477 711 2490 704 2492 698 2490 642 2469 639 2469 636 2469 634 2469 564 2508 557 2510 554 2508 518 2490 515 2490 513 2490 510 2490 348 2531 355 2582"/></Shape>
	    <String CONTENT="Ut hoc loco removenda est difficultas"
                    HPOS="348"
                    VPOS="2394"
                    WIDTH="1186"
                    HEIGHT="217"
                    WC="0.9776181586690851"></String>
          </TextLine>

          
          
          <TextLine ID="eSc_line_338f072f"
                    TAGREFS="LT11324"
                    BASELINE="139 2678 286 2668 461 2634 1137 2570 1699 2531" 
                    HPOS="134"
                    VPOS="2469"
                    WIDTH="1565"
                    HEIGHT="235">
            <Shape><Polygon POINTS="139 2698 257 2704 260 2704 263 2704 312 2686 324 2680 330 2683 345 2693 348 2693 350 2693 353 2693 355 2693 358 2693 373 2680 381 2673 389 2678 399 2683 402 2683 404 2683 407 2683 428 2675 466 2660 513 2668 544 2673 546 2673 549 2673 572 2662 613 2647 652 2657 675 2662 678 2662 680 2662 683 2662 685 2662 685 2660 693 2652 709 2639 737 2649 760 2657 763 2657 765 2657 845 2652 915 2642 918 2642 920 2642 920 2639 928 2634 946 2619 1059 2621 1065 2621 1067 2621 1070 2621 1108 2603 1230 2608 1312 2611 1315 2611 1317 2611 1340 2598 1374 2580 1485 2582 1487 2582 1490 2582 1521 2570 1567 2580 1598 2585 1601 2585 1603 2585 1606 2585 1619 2575 1634 2564 1699 2567 1699 2531 1691 2487 1627 2492 1624 2492 1575 2469 1573 2469 1570 2469 1567 2469 1490 2490 1462 2479 1459 2479 1457 2479 1454 2479 1387 2513 1315 2492 1312 2492 1310 2492 1307 2492 1304 2492 1284 2510 1255 2497 1253 2497 1250 2497 1072 2531 1052 2521 1049 2521 1046 2521 1044 2521 1041 2521 1041 2523 1016 2546 1013 2546 1010 2546 925 2533 923 2533 827 2552 794 2539 791 2539 789 2539 683 2554 680 2554 678 2554 634 2580 631 2582 624 2582 464 2582 461 2582 348 2606 345 2606 342 2606 260 2585 257 2585 255 2585 252 2585 250 2585 195 2619 193 2621 134 2624 139 2678"/></Shape>
	    <String CONTENT="quaedam quae nasci posset, scibet Gravitatem"
                    HPOS="134"
                    VPOS="2469"
                    WIDTH="1565"
                    HEIGHT="235"
                    WC="0.9900947876951911"></String>
          </TextLine>

          
          
          <TextLine ID="eSc_line_6ef03fe8"
                    TAGREFS="LT11324"
                    BASELINE="149 2750 1508 2611" 
                    HPOS="144"
                    VPOS="2570"
                    WIDTH="1367"
                    HEIGHT="219">
            <Shape><Polygon POINTS="154 2786 180 2773 201 2784 216 2789 219 2789 221 2789 224 2789 242 2778 260 2771 358 2771 379 2771 379 2768 381 2768 384 2768 435 2742 531 2750 533 2750 536 2750 538 2750 538 2747 562 2727 709 2714 758 2737 781 2747 783 2747 786 2747 789 2747 858 2727 892 2719 928 2722 974 2727 977 2727 979 2727 982 2727 995 2716 1013 2701 1044 2711 1057 2716 1059 2716 1062 2716 1165 2709 1168 2709 1170 2709 1181 2701 1209 2680 1250 2696 1258 2698 1261 2698 1263 2698 1266 2698 1279 2693 1379 2649 1457 2678 1459 2678 1462 2678 1511 2673 1508 2611 1500 2570 1155 2606 1152 2606 1108 2582 1106 2582 1103 2582 1101 2582 1098 2582 1052 2616 1046 2616 995 2606 992 2606 990 2606 910 2629 902 2631 889 2631 704 2624 701 2624 698 2624 696 2624 696 2626 673 2644 629 2631 626 2631 624 2631 621 2631 618 2631 572 2665 515 2644 513 2644 510 2644 397 2655 144 2709 149 2750"/></Shape>
	    <String CONTENT="specisicam densitate quoque et frigores variari,"
                    HPOS="144"
                    VPOS="2570"
                    WIDTH="1367"
                    HEIGHT="219"
                    WC="0.9250475491086642"></String>
          </TextLine>

          
          
          <TextLine ID="eSc_line_a7363f7a"
                    TAGREFS="LT11324"
                    BASELINE="159 2807 1503 2704" 
                    HPOS="154"
                    VPOS="2652"
                    WIDTH="1349"
                    HEIGHT="199">
            <Shape><Polygon POINTS="162 2851 379 2832 381 2832 384 2832 384 2830 402 2812 701 2796 727 2809 729 2809 732 2809 734 2809 840 2781 948 2791 951 2791 954 2791 1039 2765 1209 2771 1212 2771 1214 2771 1217 2771 1242 2747 1286 2747 1333 2763 1335 2763 1338 2763 1340 2763 1408 2737 1500 2750 1503 2704 1498 2668 1402 2652 1400 2652 1333 2657 1330 2657 1328 2657 1297 2683 1294 2686 1263 2686 1240 2668 1240 2665 1237 2665 1235 2665 1232 2665 1230 2665 1165 2693 1163 2696 1059 2701 1057 2701 1039 2688 1036 2688 1034 2688 1031 2688 1028 2688 1026 2688 1005 2704 933 2688 930 2688 928 2688 871 2714 861 2719 763 2724 752 2722 701 2706 698 2706 696 2706 693 2706 626 2724 513 2722 510 2722 508 2722 422 2745 391 2755 154 2763 159 2807"/></Shape>
	    <String CONTENT=" non individualem: calorem autem et frigus"
                    HPOS="154"
                    VPOS="2652"
                    WIDTH="1349"
                    HEIGHT="199"
                    WC="0.9748268709296272"></String>
          </TextLine>

          
          
          <TextLine ID="eSc_line_543d25a8"
                    TAGREFS="LT11324"
                    BASELINE="149 2889 884 2825 1075 2796 1451 2771" 
                    HPOS="144"
                    VPOS="2735"
                    WIDTH="1307"
                    HEIGHT="175">
            <Shape><Polygon POINTS="149 2910 508 2892 510 2892 557 2876 590 2863 603 2871 611 2876 613 2876 616 2876 618 2876 621 2876 624 2876 631 2869 639 2863 667 2866 742 2871 745 2871 747 2871 799 2853 838 2840 869 2845 915 2856 918 2856 920 2856 923 2856 923 2853 938 2840 943 2832 959 2838 972 2843 974 2843 977 2843 979 2843 982 2843 990 2835 1000 2827 1031 2832 1098 2840 1101 2840 1103 2840 1150 2820 1173 2812 1209 2814 1255 2820 1258 2820 1261 2820 1289 2807 1310 2796 1451 2791 1451 2771 1444 2735 1046 2750 1044 2750 936 2778 928 2778 920 2778 814 2771 812 2771 559 2809 541 2812 528 2812 337 2812 335 2812 332 2812 330 2812 304 2832 288 2820 286 2820 283 2820 281 2820 278 2820 275 2820 255 2838 144 2845 149 2889"/></Shape>
	    <String CONTENT="nihil ad pluviam ventosu, et caeteras temporis"
                    HPOS="144"
                    VPOS="2735"
                    WIDTH="1307"
                    HEIGHT="175"
                    WC="0.9627710904764093"></String>
          </TextLine>

          
          
          <TextLine ID="eSc_line_1c4f36c5"
                    TAGREFS="LT11324"
                    BASELINE="141 2982 569 2920 938 2902 1070 2871 1467 2827" 
                    HPOS="134"
                    VPOS="2773"
                    WIDTH="1335"
                    HEIGHT="245">
            <Shape><Polygon POINTS="1387 2776 1361 2778 1335 2781 1312 2781 1276 2809 1222 2791 1219 2791 1217 2791 1214 2791 1090 2822 1049 2809 1046 2809 1044 2809 979 2817 977 2817 974 2817 923 2851 789 2863 773 2851 773 2848 771 2848 768 2848 765 2848 624 2874 611 2863 608 2863 606 2863 603 2863 600 2863 598 2863 598 2866 575 2889 474 2897 448 2884 446 2884 443 2884 440 2884 438 2884 438 2887 435 2887 422 2905 363 2910 304 2892 301 2892 299 2892 296 2892 134 2936 141 2982 146 3018 270 2987 391 2987 420 2987 422 2987 425 2987 428 2987 430 2982 456 2961 580 2951 600 2961 606 2964 608 2964 611 2964 613 2964 634 2959 693 2938 740 2943 773 2948 776 2948 1034 2920 1036 2920 1129 2894 1173 2884 1222 2884 1353 2884 1356 2884 1359 2884 1361 2884 1392 2861 1395 2861 1400 2861 1446 2869 1449 2869 1451 2869 1454 2869 1469 2853 1467 2827 1462 2789 1420 2773 1413 2773"/></Shape>
	    <String CONTENT="mulatione, similes pertinere. Hic respondendum"
                    HPOS="134"
                    VPOS="2773"
                    WIDTH="1335"
                    HEIGHT="245"
                    WC="0.9796696305274963"></String>
          </TextLine>

          
          
          <TextLine ID="eSc_line_19fd76b9"
                    TAGREFS="LT11324"
                    BASELINE="146 3049 1178 2943 1408 2907" 
                    HPOS="141"
                    VPOS="2858"
                    WIDTH="1267"
                    HEIGHT="225">
            <Shape><Polygon POINTS="149 3072 201 3070 203 3070 221 3083 224 3083 226 3083 229 3083 232 3083 234 3083 234 3080 250 3067 255 3062 278 3062 361 3070 363 3070 366 3070 446 3046 477 3039 541 3039 636 3039 636 3036 706 3021 768 3008 794 3013 838 3021 840 3021 843 3021 887 3003 915 2992 933 3000 956 3008 959 3008 961 3008 1077 2985 1168 2967 1186 2974 1204 2982 1206 2982 1209 2982 1294 2972 1297 2972 1299 2972 1299 2969 1307 2961 1320 2951 1408 2951 1408 2907 1397 2858 1325 2861 1322 2861 1320 2861 1312 2866 1286 2887 1245 2876 1230 2871 1227 2871 1224 2871 1052 2889 1049 2889 1026 2902 979 2925 915 2918 912 2918 910 2918 809 2943 781 2930 765 2923 763 2923 760 2923 660 2930 657 2930 655 2930 631 2948 606 2967 141 3005 146 3049"/></Shape>
	    <String CONTENT="est, primum non adeo esse exploratum, quod"
                    HPOS="141"
                    VPOS="2858"
                    WIDTH="1267"
                    HEIGHT="225"
                    WC="0.9884237930888221"></String>
          </TextLine>

          
          
          <TextLine ID="eSc_line_acd8b512"
                    TAGREFS="LT11324"
                    BASELINE="157 3126 464 3108 660 3072 1054 3041 1446 2982" 
                    HPOS="149"
                    VPOS="2938"
                    WIDTH="1300"
                    HEIGHT="237">
            <Shape><Polygon POINTS="159 3170 208 3175 211 3175 304 3155 379 3137 394 3144 420 3157 422 3157 425 3157 665 3116 752 3121 755 3121 758 3121 760 3121 760 3119 786 3098 791 3090 876 3083 899 3083 1010 3093 1013 3093 1016 3093 1018 3093 1062 3064 1080 3080 1080 3083 1083 3083 1085 3083 1088 3083 1157 3077 1160 3077 1230 3044 1232 3044 1245 3044 1356 3044 1359 3044 1361 3044 1449 3018 1446 2982 1436 2938 1299 2946 1297 2946 1294 2946 1294 2948 1291 2948 1289 2954 1276 2969 1250 2959 1248 2959 1245 2959 1242 2959 1240 2959 1173 2982 1101 2974 1057 2972 1054 2972 1052 2972 1049 2972 1034 2982 1005 3000 941 2995 894 2990 892 2990 889 2990 887 2990 874 3003 858 3013 843 3005 825 2997 822 2997 820 2997 817 2997 786 3010 747 3028 711 3021 683 3013 680 3013 678 3013 675 3013 606 3031 531 3054 435 3059 420 3054 399 3044 397 3044 394 3044 391 3044 389 3044 366 3059 342 3075 239 3083 226 3075 211 3064 208 3064 206 3064 203 3064 201 3064 149 3083 157 3126"/></Shape>
	    <String CONTENT="ajunt,  frigus in densitate, calorem"
                    HPOS="149"
                    VPOS="2938"
                    WIDTH="1300"
                    HEIGHT="237"
                    WC="0.986071303486824"></String>
          </TextLine>

          
          
          <TextLine ID="eSc_line_ab5c3d4f"
                    TAGREFS="LT11324"
                    BASELINE="172 3201 479 3183 737 3144 1152 3111 1343 3083 1498 3075" 
                    HPOS="167"
                    VPOS="3016"
                    WIDTH="1331"
                    HEIGHT="229">
            <Shape><Polygon POINTS="172 3235 214 3245 216 3245 219 3245 221 3245 244 3229 265 3214 283 3224 304 3235 306 3235 309 3235 459 3224 461 3224 464 3224 492 3204 508 3193 536 3201 585 3211 587 3211 825 3191 827 3191 830 3191 830 3188 850 3170 866 3157 894 3165 930 3175 933 3175 936 3175 938 3175 941 3175 941 3173 956 3160 972 3144 1188 3126 1217 3134 1268 3150 1271 3150 1273 3150 1276 3150 1279 3150 1315 3124 1333 3113 1369 3119 1410 3126 1413 3126 1415 3126 1418 3126 1436 3113 1451 3103 1498 3106 1498 3075 1487 3016 1371 3026 1369 3026 1366 3026 1366 3028 1346 3052 1307 3054 1242 3041 1240 3041 1237 3041 1235 3041 1232 3041 1163 3072 1083 3057 1057 3054 1054 3054 1052 3054 1049 3054 1036 3062 995 3088 941 3072 918 3067 915 3067 912 3067 910 3067 907 3067 894 3077 884 3085 879 3080 869 3072 866 3072 863 3072 861 3072 778 3080 776 3080 747 3093 709 3113 572 3113 551 3113 549 3113 526 3119 425 3139 410 3129 386 3116 384 3116 381 3116 379 3116 376 3116 373 3116 350 3137 337 3150 167 3155 172 3201"/></Shape>
	    <String CONTENT="in raritate aeris consistere fateo expanditur"
                    HPOS="167"
                    VPOS="3016"
                    WIDTH="1331"
                    HEIGHT="229"
                    WC="0.9638495829370287"></String>
          </TextLine>

          
          
          <TextLine ID="eSc_line_a3eb0ce8"
                    TAGREFS="LT11324"
                    BASELINE="152 3278 827 3219 1116 3175 1446 3152" 
                    HPOS="146"
                    VPOS="3093"
                    WIDTH="1300"
                    HEIGHT="224">
            <Shape><Polygon POINTS="1119 3116 1093 3116 1067 3119 1041 3121 1016 3124 997 3124 933 3155 918 3162 910 3157 874 3137 871 3137 869 3137 866 3137 863 3137 827 3155 758 3147 755 3147 752 3147 688 3183 667 3193 453 3211 443 3209 420 3201 417 3201 415 3201 412 3201 355 3219 340 3222 332 3222 242 3201 239 3201 237 3201 234 3201 234 3204 211 3227 146 3240 152 3278 154 3317 291 3299 293 3299 296 3299 327 3278 415 3284 417 3284 515 3263 567 3276 569 3276 572 3276 580 3276 716 3242 783 3253 817 3258 820 3258 1005 3240 1008 3240 1010 3240 1010 3237 1013 3237 1021 3227 1028 3217 1072 3222 1119 3227 1121 3227 1124 3227 1178 3211 1237 3193 1286 3199 1351 3206 1353 3206 1356 3206 1359 3206 1377 3191 1408 3196 1410 3196 1413 3196 1415 3196 1415 3193 1426 3183 1431 3178 1438 3183 1446 3152 1433 3101 1410 3113 1395 3106 1371 3093 1369 3093 1366 3093 1304 3098 1302 3098 1299 3098 1268 3119 1240 3137 1201 3126 1150 3111 1144 3113"/></Shape>
	    <String CONTENT="alor nam calor fiigususe etiam vitra"
                    HPOS="146"
                    VPOS="3093"
                    WIDTH="1300"
                    HEIGHT="224"
                    WC="0.9321621730923653"></String>
          </TextLine>

          
          
          <TextLine ID="eSc_line_c83b3b59"
                    TAGREFS="LT11324"
                    BASELINE="128 3353 1178 3245 1469 3232" 
                    HPOS="123"
                    VPOS="3168"
                    WIDTH="1346"
                    HEIGHT="211">
            <Shape><Polygon POINTS="941 3204 915 3206 892 3211 887 3211 850 3240 848 3242 840 3242 755 3227 737 3229 711 3229 709 3229 688 3255 685 3258 670 3258 489 3248 479 3250 453 3253 428 3255 402 3255 123 3309 128 3353 128 3376 288 3379 291 3379 492 3358 495 3358 497 3358 520 3340 528 3335 595 3335 812 3327 899 3307 943 3296 1023 3296 1098 3296 1098 3294 1101 3294 1126 3286 1152 3278 1168 3281 1196 3289 1199 3289 1201 3289 1271 3273 1330 3258 1356 3266 1379 3271 1382 3271 1384 3271 1469 3253 1469 3232 1462 3183 1320 3196 1273 3168 1271 3168 1268 3168 1266 3168 1222 3173 1219 3173 1217 3173 1217 3175 1183 3209 1183 3211 1124 3214 1072 3217 982 3196 967 3199"/></Shape>
	    <String CONTENT="penetrant, Hiam in loco aere evacuato "
                    HPOS="123"
                    VPOS="3168"
                    WIDTH="1346"
                    HEIGHT="211"
                    WC="0.960843563079834"></String>
          </TextLine>

          
          
          <TextLine ID="eSc_line_621b6ba0"
                    TAGREFS="LT11324"
                    BASELINE="131 3420 933 3343 1059 3317 1516 3294" 
                    HPOS="126"
                    VPOS="3255"
                    WIDTH="1390"
                    HEIGHT="199">
            <Shape><Polygon POINTS="131 3436 175 3454 177 3454 180 3454 312 3443 314 3443 317 3443 342 3420 345 3418 353 3420 397 3436 399 3436 402 3436 538 3412 600 3418 603 3418 606 3418 639 3400 652 3394 680 3397 750 3405 752 3405 755 3405 801 3389 845 3374 884 3384 910 3389 912 3389 915 3389 918 3389 938 3379 967 3364 1003 3374 1018 3379 1021 3379 1023 3379 1026 3379 1028 3379 1028 3376 1034 3371 1052 3356 1286 3356 1315 3356 1328 3353 1330 3353 1333 3353 1335 3351 1374 3327 1423 3338 1426 3338 1428 3338 1469 3322 1513 3338 1516 3294 1508 3255 905 3286 902 3286 791 3317 789 3317 786 3317 752 3304 750 3304 747 3304 745 3304 701 3325 698 3325 696 3325 613 3312 611 3312 523 3320 520 3320 518 3320 489 3343 489 3345 471 3345 435 3345 412 3330 410 3330 407 3330 404 3330 358 3335 355 3335 353 3335 353 3338 350 3338 337 3356 337 3358 335 3358 172 3358 170 3358 167 3358 126 3374 131 3420"/></Shape>
	    <String CONTENT="ceut Avaciam exercent: deindefaleor calor"
                    HPOS="126"
                    VPOS="3255"
                    WIDTH="1390"
                    HEIGHT="199"
                    WC="0.9678429016252843"></String>
          </TextLine>

          
          
          <TextLine ID="eSc_line_12604bc4"
                    TAGREFS="LT11324"
                    BASELINE="152 3503 1188 3369 1562 3343" 
                    HPOS="144"
                    VPOS="3284"
                    WIDTH="1418"
                    HEIGHT="275">
            <Shape><Polygon POINTS="1477 3296 1464 3296 1261 3330 1237 3325 1199 3315 1196 3315 1193 3315 1191 3315 1188 3315 1188 3317 1170 3333 1168 3333 1057 3333 1054 3333 1052 3333 1049 3333 1049 3335 1028 3353 1021 3358 1008 3356 990 3351 987 3351 985 3351 918 3366 907 3369 905 3369 866 3356 863 3356 861 3356 858 3356 750 3387 652 3382 649 3382 557 3397 554 3397 551 3397 520 3420 518 3420 505 3420 335 3420 332 3420 330 3420 327 3420 288 3446 172 3446 170 3446 167 3446 165 3446 144 3459 152 3503 157 3559 244 3552 247 3552 250 3552 286 3521 350 3523 353 3523 355 3523 358 3523 358 3521 384 3500 433 3508 435 3508 438 3508 440 3508 440 3505 461 3490 536 3492 538 3492 541 3492 582 3474 701 3495 706 3495 709 3495 827 3480 830 3480 835 3480 1005 3420 1150 3405 1209 3433 1212 3433 1214 3433 1217 3433 1299 3423 1302 3423 1304 3423 1304 3420 1307 3420 1343 3382 1384 3382 1418 3405 1420 3405 1423 3405 1426 3405 1428 3405 1431 3405 1477 3371 1562 3387 1562 3343 1554 3284 1500 3291 1503 3296"/></Shape>
	    <String CONTENT="expandi aerem, atfrrigore aerem densari nondum"
                    HPOS="144"
                    VPOS="3284"
                    WIDTH="1418"
                    HEIGHT="275"
                    WC="0.9382594227790833"></String>
          </TextLine>

          
          
          <TextLine ID="eSc_line_c1c65e5e"
                    TAGREFS="LT11324"
                    BASELINE="804 3487 1335 3425 1518 3412" 
                    HPOS="799"
                    VPOS="3369"
                    WIDTH="719"
                    HEIGHT="154">
            <Shape><Polygon POINTS="804 3508 850 3523 853 3523 856 3523 1005 3492 1059 3500 1062 3500 1065 3500 1067 3500 1108 3474 1209 3480 1212 3480 1371 3441 1384 3438 1389 3438 1475 3451 1477 3451 1480 3451 1482 3451 1518 3425 1518 3412 1513 3374 1449 3369 1446 3369 1444 3369 1400 3387 1359 3374 1356 3374 1353 3374 1351 3374 1261 3400 1224 3389 1222 3389 1219 3389 1217 3389 1214 3389 1186 3410 1183 3412 1031 3428 1028 3425 1013 3415 1010 3415 1008 3415 1005 3415 1003 3415 967 3433 956 3438 799 3449 804 3487"/></Shape>
	    <String CONTENT="aquam non minus frigore"
                    HPOS="799"
                    VPOS="3369"
                    WIDTH="719"
                    HEIGHT="154"
                    WC="0.9430555960406428"></String>
          </TextLine>

          
          
          <TextLine ID="eSc_line_3d439401"
                    TAGREFS="LT11324"
                    BASELINE="281 3557 755 3500" 
                    HPOS="273"
                    VPOS="3459"
                    WIDTH="482"
                    HEIGHT="124">
            <Shape><Polygon POINTS="281 3572 296 3583 299 3583 301 3583 304 3583 412 3570 415 3570 417 3570 456 3547 495 3559 497 3559 500 3559 502 3559 569 3534 644 3541 647 3541 649 3541 652 3541 652 3539 673 3521 673 3518 752 3510 755 3500 747 3459 598 3459 595 3459 593 3459 500 3487 391 3485 389 3485 386 3485 273 3513 281 3557"/></Shape>
	    <String CONTENT="certum est, nam"
                    HPOS="273"
                    VPOS="3459"
                    WIDTH="482"
                    HEIGHT="124"
                    WC="0.9971780260403951"></String>
          </TextLine>

          
          
          <TextLine ID="eSc_line_2ff796b2"
                    TAGREFS="LT11324"
                    BASELINE="183 3575 232 3570" 
                    HPOS="177"
                    VPOS="3534"
                    WIDTH="55"
                    HEIGHT="51">
            <Shape><Polygon POINTS="183 3585 232 3580 232 3570 224 3534 177 3539 183 3575"/></Shape>
	    <String CONTENT="M"
                    HPOS="177"
                    VPOS="3534"
                    WIDTH="55"
                    HEIGHT="51"
                    WC="0.9975628852844238"></String>
          </TextLine>

          
          
          <TextLine ID="eSc_line_54a8c486"
                    TAGREFS="LT11324"
                    BASELINE="907 3536 1477 3490" 
                    HPOS="902"
                    VPOS="3446"
                    WIDTH="575"
                    HEIGHT="131">
            <Shape><Polygon POINTS="910 3577 943 3562 1077 3565 1090 3565 1093 3565 1095 3565 1101 3562 1163 3541 1186 3557 1188 3557 1191 3557 1193 3557 1196 3557 1204 3554 1235 3541 1291 3547 1304 3547 1307 3547 1310 3547 1312 3547 1312 3544 1315 3544 1325 3528 1477 3528 1477 3490 1472 3456 1374 3461 1356 3446 1353 3446 1351 3446 1348 3446 1346 3446 1343 3446 1330 3459 1286 3446 1284 3446 1281 3446 1199 3459 1196 3459 1193 3459 1193 3461 1191 3461 1181 3474 1152 3459 1150 3459 1147 3459 1090 3461 1088 3461 1085 3461 1085 3464 1067 3480 1000 3477 997 3477 995 3477 902 3500 907 3536"/></Shape>
	    <String CONTENT="experientias habemus"
                    HPOS="902"
                    VPOS="3446"
                    WIDTH="575"
                    HEIGHT="131"
                    WC="0.9982164531946183"></String>
          </TextLine>

          
          
          <TextLine ID="eSc_line_b2fc92dd"
                    TAGREFS="LT11324"
                    BASELINE="177 3639 613 3588 876 3583" 
                    HPOS="170"
                    VPOS="3498"
                    WIDTH="706"
                    HEIGHT="152">
            <Shape><Polygon POINTS="709 3508 683 3510 657 3513 647 3513 618 3539 613 3544 595 3541 531 3531 528 3531 526 3531 495 3544 471 3534 451 3539 425 3541 420 3541 404 3554 389 3565 324 3559 268 3557 265 3557 263 3557 260 3557 260 3559 257 3559 252 3565 244 3575 206 3572 195 3575 193 3572 170 3572 177 3639 177 3650 402 3644 505 3629 709 3598 750 3611 752 3611 755 3611 876 3601 876 3583 869 3521 760 3498 758 3498 732 3498 732 3503"/></Shape>
	    <String CONTENT="in calore ebullire"
                    HPOS="170"
                    VPOS="3498"
                    WIDTH="706"
                    HEIGHT="152"
                    WC="0.9450044069025252"></String>
          </TextLine>

          
          
          <TextLine ID="eSc_line_b5e8fb0e"
                    TAGREFS="LT11324"
                    BASELINE="977 3606 1536 3567" 
                    HPOS="972"
                    VPOS="3508"
                    WIDTH="564"
                    HEIGHT="139">
            <Shape><Polygon POINTS="979 3647 1291 3614 1340 3624 1348 3624 1351 3624 1353 3624 1364 3621 1426 3603 1534 3608 1536 3567 1531 3526 1467 3508 1464 3508 1462 3508 1322 3518 1320 3518 1317 3518 1279 3541 1271 3547 1095 3554 1090 3552 1057 3536 1054 3536 1052 3536 1049 3536 972 3557 977 3606"/></Shape>
	    <String CONTENT="faerem reddi per"
                    HPOS="972"
                    VPOS="3508"
                    WIDTH="564"
                    HEIGHT="139"
                    WC="0.9818815030157566"></String>
          </TextLine>

          
          
          <TextLine ID="eSc_line_31f071e5"
                    TAGREFS="LT11324"
                    BASELINE="162 3712 399 3696 869 3639" 
                    HPOS="154"
                    VPOS="3585"
                    WIDTH="715"
                    HEIGHT="170">
            <Shape><Polygon POINTS="562 3596 538 3598 513 3601 487 3603 479 3603 451 3606 435 3611 420 3611 404 3626 394 3634 345 3632 273 3629 255 3632 229 3634 216 3634 154 3650 162 3712 165 3745 234 3755 237 3755 495 3727 497 3727 562 3699 572 3693 590 3693 639 3699 642 3699 644 3699 714 3681 732 3675 742 3675 812 3683 814 3683 817 3683 869 3660 869 3639 858 3585 590 3590 587 3593"/></Shape>
	    <String CONTENT="Dd Esi  nejari non"
                    HPOS="154"
                    VPOS="3585"
                    WIDTH="715"
                    HEIGHT="170"
                    WC="0.8624758107794656"></String>
          </TextLine>

          
          
          <TextLine ID="eSc_line_daf46a73"
                    TAGREFS="LT11324"
                    BASELINE="144 3791 629 3742 1103 3675 1426 3655" 
                    HPOS="139"
                    VPOS="3590"
                    WIDTH="1287"
                    HEIGHT="248">
            <Shape><Polygon POINTS="149 3838 270 3802 324 3817 335 3820 337 3820 340 3820 422 3809 425 3809 428 3809 435 3804 459 3786 526 3791 546 3791 549 3791 551 3791 564 3786 598 3768 616 3779 626 3786 629 3786 631 3786 634 3786 760 3773 763 3773 765 3773 765 3771 768 3771 778 3758 781 3755 946 3724 1031 3724 1201 3724 1204 3724 1206 3724 1209 3724 1245 3696 1253 3688 1426 3670 1426 3655 1413 3590 1340 3611 1299 3603 1286 3603 1284 3603 1052 3629 1049 3629 1046 3629 1046 3632 1044 3632 1041 3637 1034 3647 1016 3642 1008 3639 1005 3639 1003 3639 1000 3639 985 3644 930 3665 887 3657 866 3655 863 3655 861 3655 845 3663 817 3678 796 3670 783 3665 781 3665 778 3665 776 3665 773 3665 760 3673 737 3688 422 3722 407 3719 368 3709 366 3709 363 3709 361 3709 358 3709 358 3712 340 3727 281 3722 278 3722 275 3722 273 3722 252 3740 250 3742 139 3753 144 3791"/></Shape>
	    <String CONTENT="calore ulorem specifice leviorem Sed"
                    HPOS="139"
                    VPOS="3590"
                    WIDTH="1287"
                    HEIGHT="248"
                    WC="0.9553514023621877"></String>
          </TextLine>

          
          
          <TextLine ID="eSc_line_d90ad721"
                    TAGREFS="LT11324"
                    BASELINE="141 3869 404 3843 1018 3753 1449 3727" 
                    HPOS="136"
                    VPOS="3663"
                    WIDTH="1313"
                    HEIGHT="242">
            <Shape><Polygon POINTS="146 3905 244 3876 275 3889 278 3889 281 3889 304 3887 425 3869 428 3869 484 3846 544 3858 546 3858 549 3858 551 3858 554 3858 590 3835 716 3838 719 3838 722 3838 724 3838 724 3835 742 3820 776 3830 778 3830 781 3830 783 3830 840 3807 876 3820 879 3820 881 3820 884 3820 887 3820 915 3794 1036 3779 1449 3753 1449 3727 1441 3675 1392 3663 1389 3663 1387 3663 1328 3670 1325 3670 1322 3670 1322 3673 1302 3693 1237 3681 1235 3681 1232 3681 1230 3681 1201 3706 1188 3696 1186 3696 1183 3696 1181 3696 1178 3696 1175 3696 1152 3712 1150 3712 1142 3712 967 3712 964 3712 961 3712 959 3712 918 3737 838 3748 801 3755 791 3755 590 3755 587 3755 585 3755 523 3786 520 3786 482 3768 479 3768 477 3768 474 3768 394 3802 389 3802 381 3802 309 3799 306 3799 136 3830 141 3869"/></Shape>
	    <String CONTENT="non est cur huc confugiamus nam illud potius"
                    HPOS="136"
                    VPOS="3663"
                    WIDTH="1313"
                    HEIGHT="242"
                    WC="0.9698117686943575"></String>
          </TextLine>

          
          
          <TextLine ID="eSc_line_37816249"
                    TAGREFS="LT11324"
                    BASELINE="159 3933 600 3889 734 3861 1106 3812 1526 3784" 
                    HPOS="152"
                    VPOS="3732"
                    WIDTH="1374"
                    HEIGHT="224">
            <Shape><Polygon POINTS="345 3866 337 3869 152 3884 159 3933 159 3956 523 3928 526 3928 546 3918 572 3905 582 3915 587 3920 590 3920 593 3920 595 3920 644 3915 647 3915 649 3915 660 3905 680 3889 781 3892 801 3892 804 3892 807 3892 814 3889 853 3871 876 3882 887 3887 889 3887 892 3887 894 3887 925 3876 982 3856 1526 3809 1526 3784 1518 3742 1415 3750 1395 3735 1395 3732 1392 3732 1389 3732 1387 3732 1384 3732 1317 3763 1310 3766 1304 3763 1279 3753 1276 3753 1273 3753 1271 3753 1268 3753 1240 3771 1237 3773 1235 3771 1217 3758 1214 3758 1212 3758 1137 3758 1134 3758 928 3779 925 3779 923 3779 884 3804 807 3797 804 3797 801 3797 799 3797 773 3812 747 3799 745 3799 742 3799 740 3799 737 3799 714 3820 665 3809 662 3809 660 3809 559 3843 549 3846 549 3843 536 3833 533 3833 531 3833 528 3833 526 3833 477 3851 469 3853 461 3853 404 3843 391 3843"/></Shape>
	    <String CONTENT="vensimile est, ad aeris judicia plurimum etiam"
                    HPOS="152"
                    VPOS="3732"
                    WIDTH="1374"
                    HEIGHT="224"
                    WC="0.9806004049985305"></String>
          </TextLine>

          
          
          <TextLine ID="eSc_line_2d13abd4"
                    TAGREFS="LT11324"
                    BASELINE="170 4005 554 3964 876 3907 1464 3856" 
                    HPOS="162"
                    VPOS="3802"
                    WIDTH="1302"
                    HEIGHT="232">
            <Shape><Polygon POINTS="557 3895 533 3910 523 3918 433 3923 430 3923 412 3910 410 3910 407 3910 404 3910 402 3910 399 3910 399 3913 381 3928 379 3931 361 3931 255 3931 252 3931 250 3931 162 3954 170 4005 172 4034 510 4013 513 4013 515 4013 538 3992 569 3969 603 3967 631 3982 636 3985 639 3985 642 3985 644 3985 647 3985 647 3982 649 3980 665 3964 722 3972 734 3972 737 3972 740 3972 752 3967 796 3954 809 3962 832 3977 835 3977 838 3977 840 3977 843 3977 845 3977 845 3974 848 3974 863 3954 879 3938 928 3944 930 3944 933 3944 936 3944 936 3941 938 3941 946 3931 967 3941 1005 3959 1008 3959 1010 3959 1013 3959 1016 3959 1016 3956 1018 3956 1036 3933 1041 3928 1090 3915 1175 3918 1271 3920 1273 3920 1276 3920 1279 3920 1299 3902 1312 3889 1464 3882 1464 3856 1454 3802 1315 3830 1291 3820 1284 3817 1281 3817 1279 3817 1276 3817 1255 3825 1237 3830 1219 3828 1170 3822 1168 3822 1165 3822 1126 3840 1124 3843 1101 3843 863 3856 861 3856 822 3876 809 3884 799 3879 776 3866 773 3866 771 3866 768 3866 724 3887 709 3897 624 3905 613 3902 587 3892 572 3895"/></Shape>
	    <String CONTENT="Caloris frigousu rationes pertineres: quare"
                    HPOS="162"
                    VPOS="3802"
                    WIDTH="1302"
                    HEIGHT="232"
                    WC="0.9633032735003981"></String>
          </TextLine>

          
          
          <TextLine ID="eSc_line_bc76b94a"
                    TAGREFS="LT11324"
                    BASELINE="185 4065 438 4054 1209 3944 1531 3918" 
                    HPOS="180"
                    VPOS="3866"
                    WIDTH="1354"
                    HEIGHT="235">
            <Shape><Polygon POINTS="335 4101 337 4101 340 4101 422 4070 440 4065 479 4065 557 4065 559 4065 562 4065 564 4065 582 4052 585 4052 587 4052 618 4065 621 4065 624 4065 765 4034 801 4041 804 4041 807 4041 809 4041 845 4023 866 4013 899 4018 946 4023 948 4023 951 4023 954 4023 972 4011 992 3992 1049 3987 1083 3998 1103 4003 1106 4003 1108 4003 1111 4003 1114 4003 1114 4000 1121 3992 1139 3977 1175 3987 1178 3987 1181 3987 1183 3987 1186 3987 1188 3987 1188 3985 1201 3972 1219 3982 1230 3987 1232 3987 1235 3987 1237 3987 1261 3977 1315 3951 1534 3946 1531 3918 1524 3866 1374 3866 1371 3866 1369 3866 1366 3866 1343 3884 1328 3897 1286 3892 1261 3889 1258 3889 1255 3889 1232 3897 1209 3907 1168 3905 1090 3902 1088 3902 1085 3902 1083 3902 1062 3918 1036 3936 982 3941 951 3931 928 3923 925 3923 923 3923 863 3931 861 3931 858 3931 858 3933 856 3933 848 3944 838 3956 809 3946 786 3941 783 3941 781 3941 778 3941 776 3941 776 3944 773 3944 768 3951 758 3967 688 3962 652 3959 649 3959 647 3959 644 3959 634 3967 608 3987 585 3980 582 3980 580 3980 415 4013 366 3998 361 3998 358 3998 355 3998 353 3998 348 4000 291 4029 180 4021 185 4065 188 4096"/></Shape>
	    <String CONTENT="gravitas specifica ad habet in se unsa colletat"
                    HPOS="180"
                    VPOS="3866"
                    WIDTH="1354"
                    HEIGHT="235"
                    WC="0.9745760610763062"></String>
          </TextLine>

          
          
          <TextLine ID="eSc_line_329cc39c"
                    TAGREFS="LT11324"
                    BASELINE="177 4129 551 4116 1279 4011 1516 3990" 
                    HPOS="172"
                    VPOS="3936"
                    WIDTH="1346"
                    HEIGHT="250">
            <Shape><Polygon POINTS="477 4049 407 4072 355 4088 332 4080 314 4072 312 4072 309 4072 306 4072 283 4085 265 4096 252 4088 232 4075 229 4075 226 4075 224 4075 221 4075 172 4096 177 4129 180 4176 211 4186 214 4186 216 4186 219 4186 283 4163 291 4160 296 4160 330 4173 332 4173 335 4173 337 4173 397 4150 402 4150 404 4150 440 4163 443 4163 446 4163 704 4132 706 4132 709 4132 734 4116 752 4106 781 4111 809 4116 812 4116 814 4116 850 4103 899 4088 933 4096 961 4101 964 4101 967 4101 1023 4085 1119 4062 1268 4062 1310 4062 1310 4060 1312 4060 1328 4054 1413 4026 1451 4041 1454 4041 1457 4041 1518 4034 1516 3990 1508 3951 1438 3956 1389 3936 1387 3936 1384 3936 1279 3951 1276 3951 1273 3951 1237 3980 1232 3985 1196 3987 1191 3985 1168 3964 1165 3964 1163 3964 1160 3964 1157 3964 1155 3964 1155 3967 1152 3967 1139 3985 1116 3977 1114 3977 1111 3977 1108 3977 1039 4003 1018 4008 992 4008 871 3998 869 3998 866 3998 783 4031 758 4041 569 4062 549 4057 513 4044 502 4047"/></Shape>
	    <String CONTENT="habet differentias caeterdis pene omnes, Thegno–"
                    HPOS="172"
                    VPOS="3936"
                    WIDTH="1346"
                    HEIGHT="250"
                    WC="0.9881632005174955"></String>
          </TextLine>

          
          
          <TextLine ID="eSc_line_65af59ca"
                    TAGREFS="LT11324"
                    BASELINE="185 4206 662 4173 1315 4083 1485 4072" 
                    HPOS="177"
                    VPOS="4013"
                    WIDTH="1308"
                    HEIGHT="230">
            <Shape><Polygon POINTS="188 4237 337 4227 371 4243 373 4243 376 4243 549 4206 567 4219 569 4219 572 4219 575 4219 577 4219 611 4201 673 4209 675 4209 678 4209 680 4209 680 4206 709 4181 760 4199 763 4199 765 4199 768 4199 771 4199 794 4181 838 4186 840 4186 843 4186 954 4157 987 4170 990 4170 992 4170 995 4170 997 4170 1044 4142 1046 4142 1106 4147 1108 4147 1111 4147 1186 4127 1268 4142 1271 4142 1273 4142 1276 4142 1317 4111 1400 4127 1402 4127 1405 4127 1485 4090 1485 4072 1477 4029 1451 4013 1449 4013 1446 4013 1444 4013 1441 4013 1366 4036 1266 4036 1263 4036 1261 4036 1258 4036 1232 4060 1230 4062 1219 4060 1201 4054 1199 4054 1196 4054 1193 4054 1191 4054 1175 4065 1165 4070 1132 4067 1072 4065 1070 4065 1067 4065 1044 4078 1028 4085 1008 4080 974 4072 972 4072 969 4072 967 4072 964 4072 964 4075 961 4075 954 4085 946 4096 825 4108 807 4101 783 4088 781 4088 778 4088 776 4088 737 4106 709 4121 688 4111 678 4106 675 4106 673 4106 670 4106 649 4116 629 4124 613 4119 606 4116 603 4116 600 4116 598 4116 595 4116 590 4121 569 4139 433 4152 412 4139 402 4132 399 4132 397 4132 394 4132 177 4160 185 4206"/></Shape>
	    <String CONTENT="rmctri Hygrometri et Barometri commanis, qua lenus"
                    HPOS="177"
                    VPOS="4013"
                    WIDTH="1308"
                    HEIGHT="230"
                    WC="0.9551502096652985"></String>
          </TextLine>

          
          
          <TextLine ID="eSc_line_b44892cf"
                    TAGREFS="LT11324"
                    BASELINE="177 4276 430 4266 1495 4145" 
                    HPOS="172"
                    VPOS="4101"
                    WIDTH="1323"
                    HEIGHT="206">
            <Shape><Polygon POINTS="180 4307 397 4304 399 4304 440 4284 443 4281 453 4281 531 4289 533 4289 536 4289 598 4266 608 4263 618 4263 696 4271 698 4271 897 4235 956 4243 959 4243 961 4243 964 4243 990 4224 992 4222 1000 4222 1057 4230 1059 4230 1062 4230 1103 4212 1114 4222 1114 4224 1116 4224 1119 4224 1121 4224 1124 4224 1163 4204 1170 4201 1178 4204 1212 4214 1214 4214 1217 4214 1219 4214 1261 4194 1266 4191 1495 4168 1495 4145 1487 4101 1291 4108 1289 4108 1261 4124 1235 4137 1139 4137 1034 4137 1031 4137 1028 4137 1000 4152 990 4157 985 4155 967 4145 964 4145 961 4145 959 4145 956 4145 956 4147 943 4157 930 4173 866 4178 835 4170 809 4163 807 4163 804 4163 801 4163 799 4163 786 4176 771 4188 737 4181 709 4173 706 4173 704 4173 701 4173 698 4173 678 4186 655 4201 634 4191 613 4183 611 4183 608 4183 606 4183 603 4183 603 4186 600 4186 593 4196 580 4212 304 4243 172 4243 177 4276"/></Shape>
	    <String CONTENT="maxime vim habent ad aerem mutationes"
                    HPOS="172"
                    VPOS="4101"
                    WIDTH="1323"
                    HEIGHT="206"
                    WC="0.9551651268391996"></String>
          </TextLine>

          
          
          <TextLine ID="eSc_line_ce696aed"
                    TAGREFS="LT11324"
                    BASELINE="175 4346 979 4286 1516 4219" 
                    HPOS="170"
                    VPOS="4176"
                    WIDTH="1346"
                    HEIGHT="211">
            <Shape><Polygon POINTS="451 4266 425 4268 415 4268 363 4297 170 4286 175 4346 180 4387 239 4369 283 4379 322 4387 324 4387 327 4387 330 4387 330 4384 342 4374 361 4359 495 4361 523 4361 526 4361 528 4361 533 4359 564 4343 660 4346 662 4346 665 4346 704 4328 771 4325 794 4338 807 4343 809 4343 812 4343 879 4330 920 4322 972 4322 1039 4322 1041 4322 1044 4322 1046 4322 1046 4320 1049 4320 1052 4315 1059 4307 1170 4307 1245 4307 1245 4304 1248 4304 1261 4299 1307 4271 1415 4263 1516 4276 1516 4219 1505 4176 1454 4194 1402 4183 1384 4181 1382 4181 1379 4181 1361 4186 1328 4199 1307 4191 1294 4186 1291 4186 1289 4186 1286 4186 1255 4196 1168 4224 1108 4206 1093 4204 1090 4204 1088 4204 1085 4204 1083 4204 1072 4212 1026 4240 858 4253 760 4237 758 4237 755 4237 752 4237 657 4271 624 4248 621 4248 618 4248 616 4248 613 4248 606 4250 513 4276 489 4258 477 4261"/></Shape>
	    <String CONTENT="Et vero observandum est an non aliquid a caloris"
                    HPOS="170"
                    VPOS="4176"
                    WIDTH="1346"
                    HEIGHT="211"
                    WC="0.9835852881272634"></String>
          </TextLine>

          
          
          <TextLine ID="eSc_line_0e4290f5"
                    TAGREFS="LT11324"
                    BASELINE="214 4405 660 4389 1431 4310" 
                    HPOS="208"
                    VPOS="4261"
                    WIDTH="1228"
                    HEIGHT="229">
            <Shape><Polygon POINTS="219 4490 324 4490 324 4487 327 4487 330 4487 342 4477 399 4444 433 4451 435 4451 438 4451 528 4433 554 4454 557 4454 559 4454 562 4454 564 4454 567 4454 582 4441 595 4451 598 4451 600 4451 603 4451 606 4451 608 4451 608 4449 626 4431 667 4444 670 4444 673 4444 675 4444 678 4444 678 4441 701 4415 858 4405 889 4420 892 4420 894 4420 897 4420 995 4392 1108 4413 1139 4418 1142 4418 1436 4384 1431 4310 1420 4261 1317 4289 1284 4273 1281 4273 1279 4273 1276 4273 1273 4273 1242 4294 1065 4292 1054 4292 1052 4292 1049 4292 1046 4292 1013 4317 928 4325 814 4330 786 4315 783 4315 781 4315 778 4315 776 4315 771 4317 688 4346 618 4348 580 4333 577 4333 575 4333 572 4333 569 4333 567 4333 538 4356 489 4340 487 4340 484 4340 482 4340 361 4351 358 4351 355 4351 355 4353 322 4371 208 4366 214 4405"/></Shape>
	    <String CONTENT="exressu et Binometta communia sentiant"
                    HPOS="208"
                    VPOS="4261"
                    WIDTH="1228"
                    HEIGHT="229"
                    WC="0.9600090949158919"></String>
          </TextLine>

          
        </TextBlock>
        
        <TextBlock HPOS="1553"
                   VPOS="60"
                   WIDTH="1327"
                   HEIGHT="3090"
                   ID="r2"
                   TAGREFS="BT27325">
          <Shape><Polygon POINTS="1553 850 1639 2060 1690 2176 1905 2163 1921 2318 1862 2494 1718 2635 1670 3137 1877 3150 1934 3136 1943 3132 1953 3131 2006 3118 2148 3069 2841 3012 2880 85 2664 60 1595 74"/></Shape>
          
          
          <TextLine ID="eSc_line_15533a10_b"
                    TAGREFS="LT11324"
                    BASELINE="1915 2259 2168 2245 2509 2204 2790 2183" 
                    HPOS="1909"
                    VPOS="2134"
                    WIDTH="881"
                    HEIGHT="160">
            <Shape><Polygon POINTS="1980 2283 2179 2283 2179 2281 2181 2281 2225 2260 2256 2245 2351 2240 2375 2247 2390 2252 2393 2252 2395 2252 2787 2211 2790 2183 2785 2144 2743 2134 2741 2134 2576 2157 2493 2142 2491 2142 2326 2155 2323 2155 2320 2155 2284 2180 2284 2183 2083 2196 2081 2196 2006 2185 2003 2185 1909 2205 1918 2294"/></Shape>
	    <String CONTENT="altiore, eodem licet aeris in eo"
                    HPOS="1909"
                    VPOS="2134"
                    WIDTH="881"
                    HEIGHT="160"
                    WC="0.9845115356147289"></String>
          </TextLine>

          
          
          <TextLine ID="eSc_line_ad2876b6"
                    TAGREFS="LT11324"
                    BASELINE="1650 183 2215 146 2767 126" 
                    HPOS="1645"
                    VPOS="72"
                    WIDTH="1122"
                    HEIGHT="162">
            <Shape><Polygon POINTS="2699 72 2674 72 2648 72 2622 72 2614 77 2604 82 2591 77 2576 72 2571 72 2558 72 2547 77 2532 85 2501 79 2478 74 2475 74 2473 74 2470 74 2465 79 2449 92 2341 95 2307 82 2287 74 2284 74 2282 74 2279 74 2277 74 2277 77 2269 82 2261 92 2150 105 2086 87 2075 85 2073 85 2070 85 2068 85 2060 87 2047 95 2039 87 2029 79 2029 77 2026 77 2024 77 2021 77 1908 90 1792 105 1766 95 1758 90 1756 90 1753 90 1645 95 1645 97 1650 183 1652 234 1748 203 1812 221 1820 224 1823 224 1825 224 2006 216 2008 216 2039 206 2106 180 2189 193 2256 203 2258 203 2261 203 2264 203 2289 185 2310 170 2338 180 2344 183 2346 183 2349 183 2351 183 2364 180 2411 164 2465 172 2516 177 2519 177 2522 177 2563 164 2586 157 2609 159 2692 172 2694 172 2697 172 2699 172 2699 170 2723 152 2725 149 2767 149 2767 126 2761 72 2733 72 2725 72"/></Shape>
	    <String CONTENT="sed ut disquisitionem stam sne difficiber"
                    HPOS="1645"
                    VPOS="72"
                    WIDTH="1122"
                    HEIGHT="162"
                    WC="0.9651235923534487"></String>
          </TextLine>

          
          
          <TextLine ID="eSc_line_e4f7250a"
                    TAGREFS="LT11324"
                    BASELINE="1652 257 2792 206" 
                    HPOS="1650"
                    VPOS="146"
                    WIDTH="1142"
                    HEIGHT="147">
            <Shape><Polygon POINTS="1652 270 1748 293 1750 293 1753 293 1756 293 1779 275 1830 286 1833 286 1836 286 1838 286 1838 283 1859 265 1861 265 1885 283 1887 283 1890 283 1892 283 1895 283 1897 283 1897 280 1916 265 1918 260 1926 262 1975 283 1977 283 1980 283 1983 283 2019 270 2209 273 2212 273 2215 273 2256 255 2287 239 2478 234 2501 250 2511 257 2514 257 2516 257 2519 257 2638 252 2640 252 2661 244 2694 232 2790 239 2792 206 2785 146 2676 152 2674 152 2669 154 2617 177 2586 159 2578 154 2576 154 2573 154 2571 154 2532 157 2529 157 2514 164 2478 185 2436 170 2413 162 2411 162 2408 162 2405 162 2375 175 2328 193 2258 183 2191 172 2189 172 2186 172 2184 172 2163 190 2145 203 2104 203 2060 195 1980 183 1977 183 1975 183 1972 183 1946 203 1941 211 1815 216 1781 216 1748 216 1722 193 1720 193 1717 193 1714 193 1712 193 1650 221 1652 257"/></Shape>
	    <String CONTENT="finiam ponamus Bagetrum Torircolli"
                    HPOS="1650"
                    VPOS="146"
                    WIDTH="1142"
                    HEIGHT="147"
                    WC="0.9367892470429925"></String>
          </TextLine>

          
          
          <TextLine ID="eSc_line_d39eecc7"
                    TAGREFS="LT11324"
                    BASELINE="1658 342 1936 335 2568 291 2805 288" 
                    HPOS="1652"
                    VPOS="224"
                    WIDTH="1153"
                    HEIGHT="170">
            <Shape><Polygon POINTS="1663 394 1750 358 1874 355 1913 368 1916 368 1918 368 2021 353 2099 368 2104 368 2106 368 2109 368 2112 368 2130 355 2215 360 2220 360 2222 360 2225 360 2282 332 2326 355 2328 355 2331 355 2333 355 2400 350 2403 350 2405 350 2405 348 2431 327 2473 327 2496 345 2498 345 2501 345 2503 345 2519 342 2653 314 2718 332 2723 332 2725 332 2728 332 2805 324 2805 288 2800 224 2730 224 2728 224 2725 224 2723 224 2723 226 2720 226 2702 247 2581 242 2578 242 2333 270 2315 257 2313 257 2310 257 2307 257 2305 257 2302 257 2279 273 2158 260 2155 260 2153 260 2150 260 2150 262 2127 280 2024 265 2021 265 2019 265 2016 265 2014 265 1975 288 1905 278 1903 278 1900 278 1897 278 1879 293 1841 275 1838 275 1836 275 1833 275 1774 291 1758 278 1756 278 1753 278 1750 278 1652 283 1658 342"/></Shape>
	    <String CONTENT="plusmagie esse relinquamus in medio"
                    HPOS="1652"
                    VPOS="224"
                    WIDTH="1153"
                    HEIGHT="170"
                    WC="0.9792536326817104"></String>
          </TextLine>

          
          
          <TextLine ID="eSc_line_c0824ee9"
                    TAGREFS="LT11324"
                    BASELINE="1673 306 1704 304" 
                    HPOS="1668"
                    VPOS="257"
                    WIDTH="36"
                    HEIGHT="72">
            <Shape><Polygon POINTS="1673 329 1704 327 1704 304 1699 262 1668 257 1673 306"/></Shape>
	    <String CONTENT="s"
                    HPOS="1668"
                    VPOS="257"
                    WIDTH="36"
                    HEIGHT="72"
                    WC="0.9775381684303284"></String>
          </TextLine>

          
          
          <TextLine ID="eSc_line_f3aa9437"
                    TAGREFS="LT11324"
                    BASELINE="1645 433 2473 376 2828 363" 
                    HPOS="1640"
                    VPOS="306"
                    WIDTH="1188"
                    HEIGHT="160">
            <Shape><Polygon POINTS="1645 453 1725 466 1727 466 1867 445 2078 445 2078 443 2081 443 2119 427 2135 422 2158 425 2204 433 2207 433 2209 433 2243 420 2261 415 2369 415 2581 415 2581 412 2583 412 2620 399 2643 391 2663 396 2689 404 2692 404 2694 404 2828 386 2828 363 2823 319 2650 306 2648 306 2645 306 2643 306 2604 332 2576 311 2573 311 2571 311 2568 311 2565 311 2563 311 2524 337 2475 319 2473 319 2470 319 2467 319 2426 337 2364 324 2362 324 2240 332 2238 332 2161 360 2158 360 2155 360 2081 342 2078 342 2075 342 2024 368 1952 358 1949 358 1946 358 1913 376 1910 378 1753 386 1750 386 1727 366 1725 366 1722 366 1720 366 1686 368 1683 368 1640 389 1645 433"/></Shape>
	    <String CONTENT="utra gravitas specifica an indioidualis ma–"
                    HPOS="1640"
                    VPOS="306"
                    WIDTH="1188"
                    HEIGHT="160"
                    WC="0.9794269093247348"></String>
          </TextLine>

          
          
          <TextLine ID="eSc_line_b3e5ea09"
                    TAGREFS="LT11324"
                    BASELINE="2292 427 2398 425" 
                    HPOS="2289"
                    VPOS="389"
                    WIDTH="109"
                    HEIGHT="67">
            <Shape><Polygon POINTS="2292 456 2395 445 2398 425 2390 389 2289 394 2292 427"/></Shape>
	    <String CONTENT="utum"
                    HPOS="2289"
                    VPOS="389"
                    WIDTH="109"
                    HEIGHT="67"
                    WC="0.9596472233533859"></String>
          </TextLine>

          
          
          <TextLine ID="eSc_line_2ec5719d"
                    TAGREFS="LT11324"
                    BASELINE="1609 520 1738 505 2854 438" 
                    HPOS="1603"
                    VPOS="384"
                    WIDTH="1251"
                    HEIGHT="185">
            <Shape><Polygon POINTS="2351 427 2326 427 2315 433 2145 433 2119 433 2117 433 2114 433 2112 433 2112 435 2099 448 1944 453 1918 443 1897 435 1895 435 1892 435 1890 435 1887 435 1872 445 1848 461 1812 448 1792 443 1789 443 1787 443 1603 458 1609 520 1609 569 1763 538 1787 549 1789 549 1792 549 1794 549 1797 549 1825 531 1874 538 1877 538 1879 538 1913 525 1977 541 2001 546 2003 546 2006 546 2024 538 2039 528 2052 536 2065 543 2068 543 2070 543 2073 543 2075 543 2078 543 2096 531 2122 518 2240 518 2243 518 2246 518 2248 518 2261 505 2295 515 2310 518 2313 518 2315 518 2318 518 2320 518 2320 515 2323 515 2326 512 2331 505 2344 510 2369 523 2372 523 2375 523 2377 523 2460 500 2501 489 2529 494 2612 510 2614 510 2797 500 2800 500 2803 500 2854 466 2854 438 2849 396 2743 384 2741 384 2573 394 2571 394 2568 394 2542 412 2524 422 2387 427 2377 422 2377 427"/></Shape>
	    <String CONTENT="jois sit ad nostrum instrumenti imonsi placet"
                    HPOS="1603"
                    VPOS="384"
                    WIDTH="1251"
                    HEIGHT="185"
                    WC="0.9358207768864102"></String>
          </TextLine>

          
          
          <TextLine ID="eSc_line_78a42538"
                    TAGREFS="LT11324"
                    BASELINE="1596 592 2326 541 2800 520" 
                    HPOS="1591"
                    VPOS="466"
                    WIDTH="1209"
                    HEIGHT="173">
            <Shape><Polygon POINTS="1598 639 1727 610 1828 626 1838 626 1841 626 1957 618 1959 618 1962 618 1962 616 1988 592 2093 587 2153 598 2155 598 2158 598 2197 582 2248 600 2251 600 2253 600 2256 600 2258 600 2261 600 2261 598 2287 574 2380 569 2408 582 2411 582 2413 585 2511 585 2540 585 2540 582 2542 582 2545 582 2589 564 2620 577 2622 577 2625 577 2627 577 2630 577 2632 577 2669 551 2705 569 2707 569 2710 569 2800 564 2800 520 2792 479 2702 482 2679 466 2676 466 2674 466 2671 466 2669 466 2666 466 2640 487 2594 479 2591 479 2589 479 2542 492 2488 476 2485 476 2483 476 2372 502 2356 489 2354 489 2351 489 2349 489 2112 500 2109 500 2106 500 2070 523 2063 523 1967 515 1965 515 1962 515 1905 533 1900 533 1897 533 1841 518 1838 518 1836 518 1591 551 1596 592"/></Shape>
	    <String CONTENT="individuali, ac proinde Barometro communi"
                    HPOS="1591"
                    VPOS="466"
                    WIDTH="1209"
                    HEIGHT="173"
                    WC="0.9908524300993943"></String>
          </TextLine>

          
          
          <TextLine ID="eSc_line_439377f0"
                    TAGREFS="LT11324"
                    BASELINE="1601 670 2774 592" 
                    HPOS="1598"
                    VPOS="541"
                    WIDTH="1176"
                    HEIGHT="173">
            <Shape><Polygon POINTS="2663 541 2661 541 2658 541 2656 541 2656 543 2643 556 2638 561 2591 559 2547 559 2545 559 2542 559 2540 559 2540 561 2537 564 2524 574 2491 567 2462 559 2460 559 2457 559 2454 559 2452 559 2452 561 2444 569 2439 574 2429 569 2400 559 2398 559 2395 559 2297 564 2295 564 2292 564 2269 580 2243 595 2104 603 2070 590 2047 582 2044 582 2042 582 2039 582 2037 582 2037 585 2026 592 2011 608 1934 598 1921 598 1918 598 1903 600 1789 623 1756 608 1743 603 1740 603 1738 603 1686 605 1683 605 1681 605 1671 613 1645 631 1598 618 1601 670 1603 714 1683 693 1763 701 1766 701 1769 701 1869 696 1872 696 1874 696 1877 693 1892 680 1957 685 1988 688 1990 688 1993 688 1995 688 1995 685 2001 683 2011 672 2101 675 2176 675 2179 675 2181 675 2184 675 2184 672 2186 672 2189 667 2199 654 2349 647 2405 649 2501 654 2503 654 2506 654 2534 639 2545 634 2563 636 2617 647 2620 647 2774 618 2774 592 2769 551"/></Shape>
	    <String CONTENT="palram concedamus: attamen non hil"
                    HPOS="1598"
                    VPOS="541"
                    WIDTH="1176"
                    HEIGHT="173"
                    WC="0.948417512809529"></String>
          </TextLine>

          
          
          <TextLine ID="eSc_line_4394ceb8"
                    TAGREFS="LT11324"
                    BASELINE="1573 752 2243 698 2779 672" 
                    HPOS="1567"
                    VPOS="616"
                    WIDTH="1212"
                    HEIGHT="175">
            <Shape><Polygon POINTS="1573 791 1701 783 1704 783 1707 783 1769 744 1916 739 1954 763 1957 763 1959 763 1962 763 1965 763 1967 763 1993 742 2055 757 2063 760 2065 760 2068 760 2070 760 2078 757 2150 724 2212 742 2215 742 2217 742 2220 742 2222 742 2222 739 2225 739 2235 726 2248 737 2251 737 2253 737 2256 737 2258 737 2302 721 2326 739 2328 739 2331 739 2333 739 2336 739 2341 737 2380 719 2408 732 2413 734 2416 734 2418 734 2465 729 2483 724 2485 724 2540 693 2676 688 2702 706 2705 706 2707 706 2710 706 2779 703 2779 672 2772 623 2632 631 2630 631 2545 616 2542 616 2540 616 2537 616 2537 618 2519 636 2511 628 2509 628 2506 628 2503 628 2501 628 2460 644 2454 644 2449 644 2346 628 2344 628 2341 628 2277 644 2155 641 2153 641 2150 641 2088 662 2006 652 2003 652 2001 652 1890 683 1885 685 1851 685 1743 688 1701 672 1699 672 1696 672 1567 703 1573 752"/></Shape>
	    <String CONTENT="negligenda nobis, ut s"
                    HPOS="1567"
                    VPOS="616"
                    WIDTH="1212"
                    HEIGHT="175"
                    WC="0.9581564366817474"></String>
          </TextLine>

          
          
          <TextLine ID="eSc_line_09dc9e53"
                    TAGREFS="LT11324"
                    BASELINE="1588 845 1758 817 2359 763 2834 744" 
                    HPOS="1583"
                    VPOS="685"
                    WIDTH="1251"
                    HEIGHT="186">
            <Shape><Polygon POINTS="2429 719 2411 724 2400 721 2354 706 2351 706 2349 706 2346 706 2344 706 2315 729 2313 729 2307 729 2233 708 2230 708 2228 708 2225 708 2140 737 2088 726 2086 726 2083 726 2081 726 2042 750 2037 752 2034 750 1990 726 1988 726 1985 726 1983 726 1980 726 1928 760 1926 760 1921 760 1846 744 1843 744 1841 744 1838 744 1805 768 1730 760 1727 760 1725 760 1722 760 1694 778 1691 781 1583 786 1588 845 1591 871 1712 863 1714 863 1717 863 1720 860 1735 850 1745 858 1748 860 1750 860 1753 860 1756 860 1758 860 1761 860 1761 858 1763 858 1776 842 1887 830 1967 840 2001 842 2003 842 2112 827 2315 796 2424 799 2434 799 2436 799 2452 796 2555 778 2581 786 2604 793 2607 793 2609 793 2612 793 2614 793 2614 791 2625 781 2635 770 2671 770 2689 775 2723 788 2725 788 2728 788 2834 763 2834 744 2828 688 2529 685 2516 685"/></Shape>
	    <String CONTENT="mposterum certius de tota restatuere possimus"
                    HPOS="1583"
                    VPOS="685"
                    WIDTH="1251"
                    HEIGHT="186"
                    WC="0.9689363135231865"></String>
          </TextLine>

          
          
          <TextLine ID="eSc_line_6be8096d"
                    TAGREFS="LT11324"
                    BASELINE="1596 902 2416 837 2808 819" 
                    HPOS="1591"
                    VPOS="760"
                    WIDTH="1217"
                    HEIGHT="180">
            <Shape><Polygon POINTS="1596 920 1738 915 1807 940 1810 940 1812 940 1815 940 1818 940 1848 917 1910 925 1913 925 1916 925 1954 904 2057 922 2060 922 2253 884 2302 904 2305 904 2307 904 2310 904 2416 866 2418 866 2454 879 2457 879 2460 879 2462 879 2465 879 2485 860 2488 858 2493 860 2550 881 2552 881 2555 881 2663 879 2666 879 2725 858 2751 871 2754 871 2756 871 2759 871 2761 871 2808 837 2808 819 2800 775 2694 775 2666 760 2663 760 2661 760 2658 760 2656 760 2589 788 2581 791 2576 788 2522 770 2519 770 2516 770 2418 788 2271 788 2269 788 2266 788 2264 788 2235 812 2228 817 2209 814 2127 799 2124 799 2122 799 2119 799 2093 822 2088 827 2078 822 2050 809 2047 809 2044 809 2042 809 2039 809 2039 812 2021 824 2014 832 1990 827 1913 814 1910 814 1908 814 1905 814 1882 835 1872 845 1815 845 1805 840 1774 824 1771 824 1769 824 1766 824 1720 845 1696 855 1591 855 1596 902"/></Shape>
	    <String CONTENT="quid prohibet etiam de altra institui"
                    HPOS="1591"
                    VPOS="760"
                    WIDTH="1217"
                    HEIGHT="180"
                    WC="0.969453565172247"></String>
          </TextLine>

          
          
          <TextLine ID="eSc_line_c88c22ab"
                    TAGREFS="LT11324"
                    BASELINE="1585 982 1916 966 2431 917 2782 899" 
                    HPOS="1580"
                    VPOS="835"
                    WIDTH="1202"
                    HEIGHT="190">
            <Shape><Polygon POINTS="1585 1013 1640 1025 1642 1025 1645 1025 1647 1025 1647 1023 1665 1007 1722 1025 1725 1025 1727 1025 1730 1025 1732 1025 1732 1023 1735 1023 1745 1007 1815 1002 1970 1007 1972 1007 1975 1007 1977 1007 1977 1005 2006 979 2011 976 2037 976 2130 979 2132 979 2135 979 2137 979 2153 966 2155 966 2171 966 2287 969 2289 969 2372 953 2395 964 2398 964 2400 964 2403 964 2442 946 2529 964 2532 964 2674 956 2676 956 2679 956 2679 953 2702 928 2746 948 2748 948 2751 948 2754 948 2756 948 2756 946 2782 917 2782 899 2764 835 2751 850 2705 840 2697 840 2694 840 2692 840 2689 840 2687 842 2656 860 2622 848 2614 845 2612 845 2609 845 2607 845 2604 845 2604 848 2599 850 2581 871 2545 855 2532 850 2529 850 2527 850 2454 863 2429 868 2416 868 2362 863 2359 863 2356 863 2333 876 2305 891 2289 879 2279 871 2277 871 2274 871 2271 871 2176 876 2173 876 2132 894 2101 909 1877 922 1869 920 1851 907 1848 907 1846 907 1843 907 1841 907 1838 907 1838 909 1820 925 1815 928 1807 925 1774 920 1771 920 1769 920 1720 935 1714 935 1712 935 1689 922 1686 922 1683 922 1681 922 1647 940 1627 925 1624 925 1622 925 1619 925 1616 925 1580 943 1585 982"/></Shape>
	    <String CONTENT="observationes,  cum enim diversae sunt"
                    HPOS="1580"
                    VPOS="835"
                    WIDTH="1202"
                    HEIGHT="190"
                    WC="0.9626289261014838"></String>
          </TextLine>

          
          
          <TextLine ID="eSc_line_e7ea5db5"
                    TAGREFS="LT11324"
                    BASELINE="1580 1059 2444 987 2748 971" 
                    HPOS="1575"
                    VPOS="909"
                    WIDTH="1173"
                    HEIGHT="191">
            <Shape><Polygon POINTS="1580 1087 1603 1100 1606 1100 1609 1100 1611 1100 1614 1100 1642 1087 1673 1098 1676 1098 1678 1098 1681 1098 1745 1077 1815 1085 1818 1085 1820 1085 1872 1064 1905 1049 1977 1046 2003 1056 2019 1062 2021 1062 2024 1062 2078 1051 2194 1028 2240 1041 2256 1046 2258 1046 2261 1046 2313 1038 2421 1018 2462 1028 2480 1033 2483 1033 2485 1033 2748 1010 2748 971 2741 915 2640 909 2638 909 2635 909 2632 909 2632 912 2617 928 2612 933 2558 933 2475 930 2473 930 2470 930 2413 946 2375 953 2318 953 2155 948 2153 948 2150 948 2148 948 2122 969 2117 974 2109 971 2065 956 2063 956 2060 956 1990 961 1988 961 1921 987 1913 992 1856 992 1606 1002 1603 1002 1575 1013 1580 1059"/></Shape>
	    <String CONTENT="causae utriusque diversa utrus mensurandi"
                    HPOS="1575"
                    VPOS="909"
                    WIDTH="1173"
                    HEIGHT="191"
                    WC="0.964957619585642"></String>
          </TextLine>

          
          
          <TextLine ID="eSc_line_3490e9b4"
                    TAGREFS="LT11324"
                    BASELINE="1573 1131 2300 1082 2630 1044 2867 1036" 
                    HPOS="1569"
                    VPOS="984"
                    WIDTH="1298"
                    HEIGHT="196">
            <Shape><Polygon POINTS="1712 1180 1714 1180 1856 1170 1859 1170 1944 1136 1965 1129 1977 1134 1998 1144 2001 1144 2003 1144 2006 1144 2044 1131 2070 1121 2078 1129 2088 1136 2088 1139 2091 1139 2093 1139 2096 1141 2161 1141 2161 1139 2163 1139 2166 1139 2191 1121 2194 1121 2197 1121 2246 1141 2248 1141 2251 1141 2318 1136 2320 1136 2323 1136 2344 1118 2385 1129 2387 1129 2390 1129 2393 1129 2395 1129 2421 1108 2442 1095 2470 1105 2509 1121 2511 1121 2514 1121 2516 1121 2519 1121 2547 1103 2576 1082 2692 1077 2712 1092 2728 1105 2730 1105 2733 1105 2736 1105 2867 1082 2867 1061 2867 1036 2859 984 2707 989 2705 989 2689 997 2658 1010 2552 1007 2537 1007 2534 1007 2532 1007 2527 1007 2491 1025 2473 1013 2465 1007 2462 1007 2460 1007 2457 1007 2364 1020 2282 1033 2235 1031 2171 1028 2168 1028 2166 1028 2163 1028 2150 1038 2130 1054 1569 1082 1575 1158"/></Shape>
	    <String CONTENT="raciones, quid prelibeteffextus quaque diversos"
                    HPOS="1569"
                    VPOS="984"
                    WIDTH="1298"
                    HEIGHT="196"
                    WC="0.9330063069120367"></String>
          </TextLine>

          
          
          <TextLine ID="eSc_line_6660708d"
                    TAGREFS="LT11324"
                    BASELINE="1598 1208 2839 1111" 
                    HPOS="1596"
                    VPOS="1064"
                    WIDTH="1243"
                    HEIGHT="193">
            <Shape><Polygon POINTS="1730 1257 1732 1257 1828 1250 1830 1250 1833 1250 1895 1206 1897 1203 1926 1203 1928 1203 1988 1237 1990 1237 1993 1237 2158 1198 2351 1208 2354 1208 2356 1208 2457 1162 2462 1162 2607 1175 2609 1175 2612 1175 2692 1144 2694 1144 2803 1149 2805 1149 2808 1149 2839 1131 2839 1111 2834 1074 2733 1087 2715 1080 2674 1064 2671 1064 2669 1064 2540 1077 2537 1077 2534 1077 2534 1080 2532 1080 2522 1092 2519 1095 2509 1092 2444 1082 2442 1082 2439 1082 2393 1100 2356 1118 2248 1126 2215 1113 2191 1103 2189 1103 2186 1103 2184 1103 2142 1116 2109 1129 2086 1121 2081 1118 2078 1118 2075 1118 2073 1118 2070 1118 2070 1121 2068 1121 2047 1141 1959 1136 1957 1136 1818 1160 1763 1152 1761 1152 1758 1152 1756 1152 1756 1154 1753 1154 1748 1162 1725 1147 1722 1147 1720 1147 1717 1147 1714 1147 1655 1172 1596 1152 1598 1208 1598 1229"/></Shape>
	    <String CONTENT="conclusionesu differentes expectare, plurimum"
                    HPOS="1596"
                    VPOS="1064"
                    WIDTH="1243"
                    HEIGHT="193"
                    WC="0.9826585173606872"></String>
          </TextLine>

          
          
          <TextLine ID="eSc_line_f1511595"
                    TAGREFS="LT11324"
                    BASELINE="1596 1286 2179 1247 2398 1216 2748 1190" 
                    HPOS="1591"
                    VPOS="1139"
                    WIDTH="1157"
                    HEIGHT="196">
            <Shape><Polygon POINTS="1598 1335 1634 1319 1725 1324 1727 1324 1730 1324 1732 1324 1735 1324 1753 1309 1789 1319 1799 1322 1802 1322 1805 1322 1807 1322 1828 1317 1908 1291 1952 1304 1970 1309 1972 1309 1975 1309 1977 1309 2008 1299 2052 1283 2181 1283 2354 1283 2354 1281 2356 1281 2403 1260 2421 1252 2431 1257 2447 1268 2449 1268 2452 1268 2454 1268 2457 1268 2460 1268 2483 1252 2496 1245 2601 1239 2609 1242 2650 1257 2653 1257 2656 1257 2658 1257 2661 1257 2689 1234 2689 1232 2748 1227 2748 1190 2741 1139 2684 1139 2681 1139 2679 1139 2676 1139 2676 1141 2674 1144 2658 1160 2643 1152 2640 1152 2638 1152 2635 1152 2632 1152 2604 1170 2560 1152 2550 1149 2547 1149 2545 1149 2542 1149 2540 1149 2532 1154 2496 1178 2434 1165 2411 1160 2408 1160 2405 1160 2377 1170 2302 1193 2238 1180 2204 1175 2202 1175 2137 1190 2029 1216 1959 1219 1931 1206 1916 1201 1913 1201 1910 1201 1908 1201 1887 1211 1854 1229 1663 1239 1650 1232 1637 1221 1634 1221 1632 1221 1629 1221 1627 1221 1591 1234 1596 1286"/></Shape>
	    <String CONTENT="ex collatione utua lucis allaturas"
                    HPOS="1591"
                    VPOS="1139"
                    WIDTH="1157"
                    HEIGHT="196"
                    WC="0.9681244755492491"></String>
          </TextLine>

          
          
          <TextLine ID="eSc_line_0428d41c"
                    TAGREFS="LT11324"
                    BASELINE="1624 1373 2091 1340 2524 1283 2772 1265" 
                    HPOS="1616"
                    VPOS="1198"
                    WIDTH="1156"
                    HEIGHT="209">
            <Shape><Polygon POINTS="1624 1407 1885 1386 1887 1386 1890 1386 1890 1384 1892 1384 1905 1368 1939 1379 1946 1381 1949 1381 1952 1381 1954 1381 1967 1376 2011 1355 2166 1343 2202 1353 2215 1355 2217 1355 2220 1355 2222 1355 2225 1355 2233 1350 2253 1335 2354 1337 2405 1337 2408 1337 2411 1337 2426 1330 2444 1319 2467 1324 2485 1330 2488 1330 2491 1330 2571 1322 2573 1322 2576 1322 2583 1314 2601 1301 2645 1306 2676 1312 2679 1312 2772 1294 2772 1265 2759 1198 2669 1234 2591 1234 2571 1216 2568 1216 2565 1216 2563 1216 2483 1224 2480 1224 2478 1224 2452 1247 2418 1232 2416 1232 2413 1232 2411 1232 2320 1270 2215 1278 2181 1260 2179 1260 2176 1260 2173 1260 2171 1260 2140 1286 1972 1301 1897 1281 1895 1281 1892 1281 1890 1281 1887 1281 1885 1281 1843 1306 1792 1296 1789 1296 1787 1296 1784 1296 1758 1319 1717 1299 1714 1299 1712 1299 1616 1306 1624 1373"/></Shape>
	    <String CONTENT="Quod si eappareret"
                    HPOS="1616"
                    VPOS="1198"
                    WIDTH="1156"
                    HEIGHT="209"
                    WC="0.9656842748324076"></String>
          </TextLine>

          
          
          <TextLine ID="eSc_line_6060b5e1"
                    TAGREFS="LT11324"
                    BASELINE="1627 1453 1892 1440" 
                    HPOS="1622"
                    VPOS="1371"
                    WIDTH="270"
                    HEIGHT="108">
            <Shape><Polygon POINTS="1627 1479 1890 1448 1892 1440 1887 1371 1843 1371 1841 1371 1838 1371 1836 1371 1836 1373 1833 1376 1815 1394 1763 1381 1738 1376 1735 1376 1732 1376 1730 1376 1730 1379 1722 1386 1709 1399 1622 1397 1627 1453"/></Shape>
	    <String CONTENT="ibt"
                    HPOS="1622"
                    VPOS="1371"
                    WIDTH="270"
                    HEIGHT="108"
                    WC="0.9608470400174459"></String>
          </TextLine>

          
          
          <TextLine ID="eSc_line_f5accefc"
                    TAGREFS="LT11324"
                    BASELINE="1970 1422 2733 1343" 
                    HPOS="1962"
                    VPOS="1283"
                    WIDTH="774"
                    HEIGHT="176">
            <Shape><Polygon POINTS="2233 1332 2207 1353 1962 1353 1970 1422 1972 1459 2119 1453 2173 1440 2292 1415 2323 1428 2333 1430 2336 1430 2338 1430 2341 1430 2354 1422 2393 1404 2519 1404 2519 1402 2522 1402 2524 1402 2542 1389 2568 1402 2576 1404 2578 1404 2581 1404 2736 1384 2733 1343 2728 1299 2638 1283 2635 1283 2632 1283 2589 1306 2581 1312 2560 1309 2485 1299 2483 1299 2480 1299 2478 1299 2449 1317 2439 1322 2393 1322 2266 1317 2246 1319"/></Shape>
	    <String CONTENT="re Gravitatem spesificam"
                    HPOS="1962"
                    VPOS="1283"
                    WIDTH="774"
                    HEIGHT="176"
                    WC="0.9618114282687505"></String>
          </TextLine>

          
          
          <TextLine ID="eSc_line_d8619d8c"
                    TAGREFS="LT11324"
                    BASELINE="1616 1526 1905 1515 2382 1453 2800 1420" 
                    HPOS="1611"
                    VPOS="1368"
                    WIDTH="1189"
                    HEIGHT="191">
            <Shape><Polygon POINTS="1619 1559 2052 1538 2055 1538 2057 1538 2057 1536 2081 1518 2083 1515 2096 1515 2184 1526 2186 1526 2189 1526 2310 1495 2326 1492 2338 1492 2452 1500 2454 1500 2630 1464 2645 1461 2650 1461 2723 1474 2725 1474 2728 1474 2800 1446 2800 1420 2792 1379 2718 1384 2699 1368 2697 1368 2694 1368 2692 1368 2689 1368 2640 1386 2625 1373 2622 1373 2620 1373 2617 1373 2614 1373 2509 1404 2493 1407 2485 1404 2416 1389 2413 1389 2411 1389 2362 1412 2333 1399 2331 1399 2328 1399 2220 1410 2217 1410 2215 1410 2179 1433 2168 1438 2137 1438 2019 1433 2016 1433 2014 1433 1970 1453 1957 1459 1949 1456 1908 1438 1905 1438 1903 1438 1900 1438 1836 1466 1818 1474 1717 1482 1707 1477 1676 1461 1673 1461 1671 1461 1668 1461 1611 1482 1616 1526"/></Shape>
	    <String CONTENT="illa individuali perpetuo"
                    HPOS="1611"
                    VPOS="1368"
                    WIDTH="1189"
                    HEIGHT="191"
                    WC="0.9714697670936584"></String>
          </TextLine>

          
          
          <TextLine ID="eSc_line_e08822be"
                    TAGREFS="LT11324"
                    BASELINE="1627 1605 1941 1587" 
                    HPOS="1622"
                    VPOS="1526"
                    WIDTH="319"
                    HEIGHT="105">
            <Shape><Polygon POINTS="1627 1631 1941 1616 1941 1587 1931 1526 1885 1551 1799 1554 1779 1544 1763 1533 1761 1533 1758 1533 1756 1533 1753 1533 1699 1549 1671 1538 1668 1538 1665 1538 1663 1538 1622 1556 1627 1605"/></Shape>
	    <String CONTENT="Conspirare"
                    HPOS="1622"
                    VPOS="1526"
                    WIDTH="319"
                    HEIGHT="105"
                    WC="0.9955493330955505"></String>
          </TextLine>

          
          
          <TextLine ID="eSc_line_14d48256"
                    TAGREFS="LT11324"
                    BASELINE="1972 1580 2137 1556 2839 1500" 
                    HPOS="1965"
                    VPOS="1435"
                    WIDTH="874"
                    HEIGHT="170">
            <Shape><Polygon POINTS="1972 1593 2063 1587 2065 1590 2086 1605 2088 1605 2091 1605 2093 1605 2096 1605 2158 1587 2310 1587 2313 1587 2315 1587 2359 1567 2400 1575 2403 1575 2405 1575 2454 1556 2467 1554 2493 1554 2645 1559 2648 1559 2650 1559 2702 1536 2712 1533 2728 1536 2800 1546 2803 1546 2805 1546 2839 1526 2839 1500 2834 1453 2754 1435 2751 1435 2748 1435 2746 1435 2746 1438 2723 1461 2666 1466 2658 1466 2656 1466 2630 1448 2627 1448 2625 1448 2622 1448 2529 1453 2527 1453 2462 1482 2258 1477 2256 1477 2253 1477 2251 1477 2215 1500 2081 1495 2078 1495 2075 1495 2073 1495 2073 1497 2052 1518 1965 1523 1972 1580"/></Shape>
	    <String CONTENT="am concludendum erit fortasse"
                    HPOS="1965"
                    VPOS="1435"
                    WIDTH="874"
                    HEIGHT="170"
                    WC="0.952367077613699"></String>
          </TextLine>

          
          
          <TextLine ID="eSc_line_c72bb1ea"
                    TAGREFS="LT11324"
                    BASELINE="1612 1681 2506 1595 2841 1572" 
                    HPOS="1608"
                    VPOS="1513"
                    WIDTH="1236"
                    HEIGHT="213">
            <Shape><Polygon POINTS="1784 1711 1787 1711 1789 1711 1789 1709 1802 1696 1825 1706 1828 1706 1830 1706 1833 1706 1872 1688 1897 1701 1900 1701 1903 1701 1905 1701 1908 1701 1910 1701 1910 1698 1941 1683 2088 1683 2088 1680 2091 1680 2093 1680 2119 1660 2222 1665 2225 1665 2228 1665 2269 1642 2372 1634 2393 1652 2395 1652 2395 1654 2398 1654 2400 1654 2403 1654 2460 1649 2462 1649 2465 1649 2470 1644 2491 1629 2596 1631 2638 1631 2640 1631 2643 1631 2645 1631 2653 1626 2684 1605 2736 1618 2754 1621 2756 1621 2844 1605 2841 1572 2828 1513 2800 1531 2751 1520 2736 1518 2733 1518 2689 1526 2563 1554 2529 1541 2519 1538 2516 1538 2514 1538 2411 1549 2408 1549 2405 1549 2398 1554 2369 1572 2336 1562 2331 1559 2328 1559 2326 1559 2300 1564 2202 1587 2168 1577 2155 1572 2153 1572 2150 1572 2148 1572 2122 1582 2068 1603 1903 1613 1874 1605 1856 1600 1854 1600 1851 1600 1848 1600 1828 1611 1789 1629 1608 1631 1615 1726"/></Shape>
	    <String CONTENT="ipsum Mercurium etiam in Tubo Torricelliams"
                    HPOS="1608"
                    VPOS="1513"
                    WIDTH="1236"
                    HEIGHT="213"
                    WC="0.9559606188951537"></String>
          </TextLine>

          
          
          <TextLine ID="eSc_line_b05324c5"
                    TAGREFS="LT11324"
                    BASELINE="1618 1758 2132 1703 2803 1654" 
                    HPOS="1614"
                    VPOS="1595"
                    WIDTH="1189"
                    HEIGHT="208">
            <Shape><Polygon POINTS="1717 1783 1848 1783 1867 1783 1869 1783 1872 1783 1874 1783 1877 1781 1918 1758 1970 1770 1988 1776 1990 1776 1993 1776 1995 1776 1998 1776 2011 1768 2052 1742 2075 1758 2078 1758 2081 1758 2083 1758 2086 1758 2145 1734 2179 1750 2199 1758 2202 1758 2204 1758 2207 1758 2246 1742 2295 1721 2346 1732 2367 1734 2369 1734 2431 1721 2475 1714 2491 1716 2560 1727 2563 1727 2565 1727 2568 1727 2607 1703 2627 1691 2697 1688 2715 1693 2767 1706 2769 1706 2772 1706 2774 1706 2777 1706 2803 1683 2803 1654 2797 1611 2741 1595 2738 1595 2736 1595 2653 1603 2650 1603 2648 1603 2648 1605 2645 1605 2635 1618 2478 1618 2475 1618 2473 1618 2380 1649 2375 1652 2251 1660 2199 1642 2197 1642 2194 1642 2060 1660 2057 1660 2055 1660 2032 1678 2003 1665 2001 1665 1998 1665 1908 1680 1872 1670 1869 1670 1867 1670 1864 1670 1861 1670 1833 1691 1812 1675 1810 1675 1807 1675 1805 1675 1802 1675 1799 1675 1799 1678 1771 1703 1614 1715 1621 1803"/></Shape>
	    <String CONTENT="non tam a pundere tolius cylindri aerei"
                    HPOS="1614"
                    VPOS="1595"
                    WIDTH="1189"
                    HEIGHT="208"
                    WC="0.9501427786472516"></String>
          </TextLine>

          
          
          <TextLine ID="eSc_line_0fe21791"
                    TAGREFS="LT11324"
                    BASELINE="1647 1814 1949 1799" 
                    HPOS="1642"
                    VPOS="1752"
                    WIDTH="307"
                    HEIGHT="101">
            <Shape><Polygon POINTS="1647 1853 1758 1840 1781 1843 1825 1850 1828 1850 1830 1850 1833 1850 1833 1848 1848 1835 1851 1832 1859 1835 1887 1845 1890 1845 1892 1845 1895 1845 1949 1825 1949 1799 1944 1765 1794 1752 1792 1752 1789 1752 1787 1752 1758 1770 1756 1773 1642 1773 1647 1814"/></Shape>
	    <String CONTENT="quam a"
                    HPOS="1642"
                    VPOS="1752"
                    WIDTH="307"
                    HEIGHT="101"
                    WC="0.9982437690099081"></String>
          </TextLine>

          
          
          <TextLine ID="eSc_line_d3936c50"
                    TAGREFS="LT11324"
                    BASELINE="1972 1796 2697 1734" 
                    HPOS="1967"
                    VPOS="1672"
                    WIDTH="730"
                    HEIGHT="153">
            <Shape><Polygon POINTS="1972 1825 2364 1778 2398 1781 2452 1788 2454 1788 2457 1788 2529 1768 2550 1763 2568 1763 2666 1770 2669 1770 2671 1770 2674 1770 2697 1750 2697 1734 2689 1680 2630 1672 2627 1672 2625 1672 2622 1672 2596 1691 2586 1696 2552 1696 2485 1693 2483 1693 2480 1693 2478 1693 2467 1703 2465 1706 2460 1703 2434 1693 2431 1693 2429 1693 2426 1693 2424 1693 2424 1696 2421 1696 2411 1709 2408 1711 2380 1711 2217 1709 2215 1709 2212 1709 2148 1734 2145 1737 2119 1737 2081 1737 2063 1721 2060 1721 2057 1721 2055 1721 2052 1721 1967 1750 1972 1796"/></Shape>
	    <String CONTENT="desitate seusradum"
                    HPOS="1967"
                    VPOS="1672"
                    WIDTH="730"
                    HEIGHT="153"
                    WC="0.951812454395824"></String>
          </TextLine>

          
          
          <TextLine ID="eSc_line_fddc17d4"
                    TAGREFS="LT11324"
                    BASELINE="1647 1892 2741 1809" 
                    HPOS="1642"
                    VPOS="1750"
                    WIDTH="1099"
                    HEIGHT="180">
            <Shape><Polygon POINTS="1650 1930 1704 1920 1781 1923 1823 1925 1825 1925 1828 1925 1830 1925 1836 1920 1856 1902 1879 1915 1882 1915 1885 1915 2060 1912 2063 1912 2065 1912 2078 1902 2101 1881 2228 1868 2274 1886 2295 1894 2297 1894 2300 1894 2302 1894 2328 1881 2354 1871 2372 1879 2387 1886 2390 1886 2393 1886 2395 1886 2418 1876 2470 1850 2738 1850 2741 1809 2730 1750 2565 1758 2563 1758 2550 1763 2493 1783 2447 1770 2444 1770 2442 1770 2439 1770 2436 1770 2413 1788 2375 1776 2367 1773 2364 1773 2362 1773 2359 1773 2356 1773 2356 1776 2354 1778 2338 1794 2269 1783 2258 1783 2256 1783 2253 1783 2248 1786 2204 1807 2086 1817 1962 1822 1941 1809 1939 1807 1936 1807 1934 1807 1931 1807 1928 1807 1921 1809 1887 1827 1864 1814 1856 1812 1854 1812 1851 1812 1848 1812 1846 1812 1841 1817 1807 1837 1763 1837 1743 1825 1743 1822 1740 1822 1738 1822 1735 1822 1732 1822 1725 1825 1691 1843 1642 1832 1647 1892"/></Shape>
	    <String CONTENT="Elateru cmnressioni ulteriori"
                    HPOS="1642"
                    VPOS="1750"
                    WIDTH="1099"
                    HEIGHT="180"
                    WC="0.9122452550920946"></String>
          </TextLine>

          
          
          <TextLine ID="eSc_line_35446bcd"
                    TAGREFS="LT11324"
                    BASELINE="1673 1961 2364 1920" 
                    HPOS="1668"
                    VPOS="1874"
                    WIDTH="696"
                    HEIGHT="126">
            <Shape><Polygon POINTS="1673 1982 1743 2000 1745 2000 1748 2000 1787 1984 1990 1984 1993 1984 1995 1984 1998 1984 1998 1982 2011 1972 2021 1961 2148 1966 2173 1966 2176 1966 2179 1966 2184 1964 2215 1951 2253 1964 2274 1969 2277 1969 2279 1969 2282 1969 2300 1961 2333 1946 2362 1959 2364 1920 2359 1879 2212 1892 2204 1889 2184 1874 2181 1874 2179 1874 2176 1874 2101 1876 2099 1876 2096 1876 2063 1897 2052 1904 1928 1910 1923 1907 1905 1892 1903 1892 1900 1892 1897 1892 1789 1912 1717 1899 1714 1899 1712 1899 1668 1920 1673 1961"/></Shape>
	    <String CONTENT="reiitentis pendere"
                    HPOS="1668"
                    VPOS="1874"
                    WIDTH="696"
                    HEIGHT="126"
                    WC="0.9773433539602492"></String>
          </TextLine>

          
          
          <TextLine ID="eSc_line_11d448d4"
                    TAGREFS="LT11324"
                    BASELINE="1774 2049 2725 1969" 
                    HPOS="1766"
                    VPOS="1902"
                    WIDTH="959"
                    HEIGHT="198">
            <Shape><Polygon POINTS="1779 2100 1830 2082 1861 2090 1864 2090 1867 2090 1869 2090 1872 2090 1910 2062 1965 2059 2006 2075 2016 2080 2019 2080 2021 2080 2024 2080 2047 2072 2114 2046 2181 2057 2191 2057 2194 2057 2197 2057 2199 2057 2199 2054 2202 2054 2215 2039 2240 2046 2243 2046 2246 2046 2328 2028 2346 2039 2354 2041 2356 2041 2359 2041 2362 2041 2375 2036 2395 2023 2421 2031 2462 2041 2465 2041 2467 2041 2470 2041 2473 2041 2488 2028 2540 2036 2542 2036 2725 1995 2725 1969 2718 1930 2681 1933 2679 1930 2638 1902 2635 1902 2632 1902 2630 1902 2627 1902 2547 1938 2496 1915 2493 1915 2491 1915 2488 1915 2434 1943 2411 1959 2258 1969 2215 1956 2171 1943 2168 1943 2166 1943 2047 1951 2044 1951 2042 1951 2024 1966 1995 1990 1895 2000 1836 1977 1820 1972 1818 1972 1815 1972 1766 1979 1774 2049"/></Shape>
	    <String CONTENT="denique illud saltem manifestum"
                    HPOS="1766"
                    VPOS="1902"
                    WIDTH="959"
                    HEIGHT="198"
                    WC="0.9683977500084908"></String>
          </TextLine>

          
          
          <TextLine ID="eSc_line_3b3100e2"
                    TAGREFS="LT11324"
                    BASELINE="1701 2147 1763 2131 2207 2085 2792 2041" 
                    HPOS="1691"
                    VPOS="1969"
                    WIDTH="1101"
                    HEIGHT="206">
            <Shape><Polygon POINTS="1701 2175 1704 2175 1771 2171 1779 2167 1828 2144 1879 2157 1902 2163 1905 2163 1905 2164 1908 2165 1910 2165 1913 2165 2083 2149 2086 2149 2119 2131 2132 2126 2166 2129 2266 2134 2269 2134 2271 2134 2346 2108 2362 2103 2369 2106 2398 2118 2400 2118 2403 2118 2405 2118 2454 2098 2478 2088 2496 2093 2552 2108 2555 2108 2558 2108 2560 2108 2563 2108 2596 2082 2601 2077 2730 2067 2733 2067 2764 2080 2767 2080 2769 2080 2772 2080 2774 2080 2792 2064 2792 2041 2782 1969 2529 2023 2434 2028 2393 2008 2390 2008 2387 2008 2385 2008 2382 2008 2349 2039 2310 2039 2271 2015 2269 2015 2266 2015 2264 2015 2238 2015 2207 2018 2204 2018 2202 2018 2202 2020 2199 2020 2189 2036 2150 2023 2148 2023 2145 2023 2142 2023 2112 2026 2088 2031 2086 2031 2083 2031 2083 2033 2050 2064 2014 2064 1972 2039 1970 2039 1967 2039 1965 2039 1962 2039 1957 2039 1812 2082 1756 2059 1753 2059 1750 2059 1691 2062 1701 2147"/></Shape>
	    <String CONTENT="et,  pondus cglindii minui posse,"
                    HPOS="1691"
                    VPOS="1969"
                    WIDTH="1101"
                    HEIGHT="206"
                    WC="0.9551937670418711"></String>
          </TextLine>

          
          
          <TextLine ID="eSc_line_d610874e"
                    TAGREFS="LT11324"
                    BASELINE="1926 2188 2204 2173 2447 2134 2787 2116" 
                    HPOS="1921"
                    VPOS="2080"
                    WIDTH="866"
                    HEIGHT="152">
            <Shape><Polygon POINTS="1928 2229 1957 2232 1959 2232 1962 2232 1965 2232 1965 2229 1970 2227 1985 2211 2006 2222 2016 2227 2019 2227 2021 2227 2150 2219 2153 2219 2155 2219 2168 2206 2191 2185 2217 2201 2238 2211 2240 2211 2243 2211 2287 2209 2289 2209 2292 2209 2313 2191 2338 2170 2485 2160 2529 2170 2589 2183 2591 2183 2594 2183 2596 2183 2596 2180 2620 2160 2625 2157 2635 2157 2676 2165 2679 2165 2787 2142 2787 2116 2779 2080 2442 2085 2305 2118 2302 2118 2282 2108 2279 2108 2277 2108 2274 2108 2204 2126 2202 2126 2140 2111 2137 2111 2135 2111 2132 2111 2075 2136 2073 2139 1921 2149 1926 2188"/></Shape>
	    <String CONTENT="minus esse posse, in loco scilicet"
                    HPOS="1921"
                    VPOS="2080"
                    WIDTH="866"
                    HEIGHT="152"
                    WC="0.9932977013728198"></String>
          </TextLine>

          
          
          <TextLine ID="eSc_line_2f4edd03"
                    TAGREFS="LT11324"
                    BASELINE="1918 2335 2764 2255" 
                    HPOS="1917"
                    VPOS="2188"
                    WIDTH="847"
                    HEIGHT="186">
            <Shape><Polygon POINTS="2243 2237 2235 2237 2225 2247 2202 2268 2161 2271 2132 2258 2114 2250 2093 2250 2060 2265 2021 2283 1977 2276 1952 2271 1949 2271 1946 2271 1917 2279 1921 2318 1917 2329 1918 2335 1921 2374 2047 2348 2130 2353 2191 2356 2194 2356 2197 2356 2199 2356 2199 2353 2202 2353 2209 2343 2215 2338 2331 2317 2346 2327 2362 2338 2364 2338 2367 2338 2369 2338 2493 2327 2496 2327 2498 2327 2527 2304 2529 2304 2540 2304 2627 2304 2630 2304 2632 2304 2635 2304 2653 2289 2658 2286 2663 2289 2705 2307 2707 2307 2710 2307 2712 2307 2764 2276 2764 2255 2751 2188 2699 2222 2532 2232 2501 2216 2491 2211 2488 2211 2485 2211 2483 2211 2480 2211 2470 2219 2442 2237 2372 2232 2323 2227 2320 2227 2292 2229 2269 2234"/></Shape>
	    <String CONTENT="loco densitate existente, ut"
                    HPOS="1917"
                    VPOS="2188"
                    WIDTH="847"
                    HEIGHT="186"
                    WC="0.9874821582010814"></String>
          </TextLine>

          
          
          <TextLine ID="eSc_line_46191b06"
                    TAGREFS="LT11324"
                    BASELINE="1954 2397 2501 2353 2836 2338" 
                    HPOS="1949"
                    VPOS="2286"
                    WIDTH="887"
                    HEIGHT="160">
            <Shape><Polygon POINTS="1959 2446 2024 2412 2070 2428 2073 2428 2075 2428 2078 2428 2176 2397 2222 2397 2261 2423 2264 2423 2266 2423 2269 2423 2271 2423 2277 2420 2331 2397 2377 2412 2385 2415 2387 2415 2390 2415 2565 2402 2568 2402 2571 2402 2576 2397 2586 2387 2612 2394 2622 2397 2625 2397 2627 2397 2630 2397 2632 2397 2638 2392 2687 2361 2764 2358 2834 2376 2836 2338 2831 2294 2581 2286 2578 2286 2514 2291 2511 2291 2509 2291 2473 2320 2467 2322 2460 2320 2416 2307 2413 2307 2411 2307 2408 2307 2405 2307 2405 2309 2390 2325 2387 2327 2369 2327 2307 2322 2305 2322 2148 2343 2106 2348 2101 2345 2070 2332 2068 2332 2065 2332 2063 2332 2060 2332 2034 2350 2032 2353 2024 2353 1975 2343 1972 2343 1970 2343 1967 2343 1949 2350 1954 2397"/></Shape>
	    <String CONTENT="si tempus sit pluviosum, quae"
                    HPOS="1949"
                    VPOS="2286"
                    WIDTH="887"
                    HEIGHT="160"
                    WC="0.9858009260276268"></String>
          </TextLine>

          
          
          <TextLine ID="eSc_line_a4fdf368"
                    TAGREFS="LT11324"
                    BASELINE="1877 2500 2024 2484" 
                    HPOS="1873"
                    VPOS="2415"
                    WIDTH="151"
                    HEIGHT="124">
            <Shape><Polygon POINTS="2024 2523 2024 2484 2008 2415 1952 2451 1877 2448 1873 2461 1877 2500 1879 2539"/></Shape>
	    <String CONTENT="alibis"
                    HPOS="1873"
                    VPOS="2415"
                    WIDTH="151"
                    HEIGHT="124"
                    WC="0.841529130935669"></String>
          </TextLine>

          
          
          <TextLine ID="eSc_line_791dcb8b"
                    TAGREFS="LT11324"
                    BASELINE="2052 2474 2372 2433 2761 2410" 
                    HPOS="2044"
                    VPOS="2368"
                    WIDTH="717"
                    HEIGHT="142">
            <Shape><Polygon POINTS="2057 2510 2184 2479 2295 2487 2297 2487 2300 2487 2344 2466 2542 2464 2545 2464 2583 2443 2761 2446 2761 2410 2754 2368 2545 2387 2509 2381 2462 2376 2460 2376 2457 2376 2429 2387 2398 2399 2351 2392 2313 2387 2310 2387 2307 2387 2287 2397 2251 2412 2217 2399 2204 2397 2202 2397 2199 2397 2044 2410 2052 2474"/></Shape>
	    <String CONTENT="in loco depressione, ubi"
                    HPOS="2044"
                    VPOS="2368"
                    WIDTH="717"
                    HEIGHT="142"
                    WC="0.9673012395699819"></String>
          </TextLine>

          
          
          <TextLine ID="eSc_line_643364c7"
                    TAGREFS="LT11324"
                    BASELINE="1846 2557 2253 2513 2728 2490" 
                    HPOS="1841"
                    VPOS="2428"
                    WIDTH="887"
                    HEIGHT="152">
            <Shape><Polygon POINTS="1846 2577 1983 2580 1985 2580 1988 2580 2021 2564 2029 2562 2047 2562 2122 2570 2124 2570 2230 2549 2266 2541 2279 2544 2313 2554 2315 2554 2318 2554 2320 2554 2323 2554 2344 2539 2356 2552 2359 2552 2362 2552 2364 2552 2367 2552 2403 2533 2405 2533 2416 2533 2509 2541 2511 2541 2728 2508 2728 2490 2720 2428 2625 2446 2589 2438 2578 2438 2576 2438 2573 2438 2565 2441 2524 2461 2444 2454 2413 2451 2411 2451 2408 2451 2405 2451 2405 2454 2400 2459 2385 2472 2369 2461 2359 2454 2356 2454 2354 2454 2351 2454 2349 2454 2318 2466 2305 2469 2287 2469 2228 2464 2225 2464 2222 2464 2220 2464 2220 2466 2217 2466 2212 2477 2204 2484 2168 2479 2124 2474 2122 2474 2119 2474 2117 2474 2117 2477 2114 2477 2109 2484 2101 2495 1846 2510 1841 2514 1846 2557"/></Shape>
	    <String CONTENT="majos scilicet cylindri pondus, et"
                    HPOS="1841"
                    VPOS="2428"
                    WIDTH="887"
                    HEIGHT="152"
                    WC="0.9552173930055955"></String>
          </TextLine>

          
          
          <TextLine ID="eSc_line_9a6fbc3e"
                    TAGREFS="LT11324"
                    BASELINE="1802 2624 2416 2570 2782 2552" 
                    HPOS="1794"
                    VPOS="2495"
                    WIDTH="988"
                    HEIGHT="167">
            <Shape><Polygon POINTS="2622 2495 2565 2515 2540 2523 2483 2521 2408 2515 2405 2515 2403 2515 2400 2515 2390 2526 2377 2536 2362 2526 2354 2521 2351 2521 2349 2521 2346 2521 2344 2521 2328 2528 2313 2536 2287 2531 2248 2523 2246 2523 2243 2523 2209 2536 2179 2546 2161 2539 2150 2533 2148 2533 2145 2533 2142 2533 2140 2533 2135 2539 2109 2557 1952 2557 1949 2557 1946 2557 1913 2572 1869 2554 1848 2557 1846 2554 1798 2557 1794 2560 1802 2624 1805 2662 1872 2639 1962 2652 1965 2652 1967 2652 1975 2652 2083 2629 2243 2629 2264 2629 2266 2629 2269 2629 2274 2626 2333 2600 2408 2608 2411 2608 2413 2608 2467 2590 2483 2606 2485 2606 2488 2606 2491 2608 2524 2608 2565 2608 2565 2606 2568 2606 2578 2603 2666 2575 2779 2585 2782 2552 2774 2505 2687 2508 2650 2495 2645 2495"/></Shape>
	    <String CONTENT="Mercurii altitudo: ut gravitatem"
                    HPOS="1794"
                    VPOS="2495"
                    WIDTH="988"
                    HEIGHT="167"
                    WC="0.9835791829973459"></String>
          </TextLine>

          
          
          <TextLine ID="eSc_line_611f4873"
                    TAGREFS="LT11324"
                    BASELINE="1756 2698 2821 2606" 
                    HPOS="1750"
                    VPOS="2562"
                    WIDTH="1073"
                    HEIGHT="175">
            <Shape><Polygon POINTS="1758 2737 1864 2714 2073 2714 2112 2714 2114 2714 2117 2714 2124 2711 2163 2688 2212 2683 2230 2696 2233 2696 2235 2696 2238 2696 2240 2696 2292 2675 2367 2691 2375 2691 2377 2691 2380 2691 2387 2688 2447 2670 2491 2680 2496 2680 2498 2680 2501 2680 2509 2678 2645 2644 2674 2662 2676 2662 2679 2662 2681 2662 2684 2662 2725 2642 2751 2657 2754 2657 2756 2657 2759 2657 2823 2652 2821 2606 2816 2564 2643 2562 2640 2562 2638 2562 2550 2588 2382 2585 2380 2585 2199 2619 2197 2619 2081 2611 2078 2611 2075 2611 2073 2611 2042 2631 1843 2631 1841 2631 1838 2631 1750 2657 1756 2698"/></Shape>
	    <String CONTENT="aeris specificam in diversae aetitadinus"
                    HPOS="1750"
                    VPOS="2562"
                    WIDTH="1073"
                    HEIGHT="175"
                    WC="0.9716297030448914"></String>
          </TextLine>

          
          
          <TextLine ID="eSc_line_f3aa4d2d"
                    TAGREFS="LT11324"
                    BASELINE="1779 2778 2666 2678 2839 2670" 
                    HPOS="1771"
                    VPOS="2626"
                    WIDTH="1068"
                    HEIGHT="194">
            <Shape><Polygon POINTS="1784 2820 1859 2799 1887 2809 1910 2820 1913 2820 1916 2820 1995 2812 1998 2812 2001 2812 2001 2809 2016 2796 2034 2778 2109 2768 2166 2781 2194 2786 2197 2786 2506 2755 2509 2755 2511 2755 2527 2742 2560 2716 2718 2698 2805 2693 2834 2711 2839 2670 2834 2626 2627 2626 2625 2626 2622 2626 2558 2652 2552 2655 2537 2655 2426 2652 2424 2652 2421 2652 2418 2652 2418 2655 2403 2670 2253 2688 2243 2686 2209 2673 2207 2673 2204 2673 2202 2673 2199 2673 2168 2693 2158 2698 2130 2696 2047 2691 2044 2691 1952 2701 1949 2701 1946 2701 1918 2719 1903 2727 1890 2722 1861 2711 1859 2711 1856 2711 1854 2711 1771 2732 1779 2778"/></Shape>
	    <String CONTENT="locis eodemm tempestatis statu eandem"
                    HPOS="1771"
                    VPOS="2626"
                    WIDTH="1068"
                    HEIGHT="194"
                    WC="0.9664211434286993"></String>
          </TextLine>

          
          
          <TextLine ID="eSc_line_08c250a2"
                    TAGREFS="LT11324"
                    BASELINE="2516 2768 2805 2745" 
                    HPOS="2509"
                    VPOS="2683"
                    WIDTH="296"
                    HEIGHT="142">
            <Shape><Polygon POINTS="2522 2825 2648 2781 2805 2781 2805 2745 2797 2691 2671 2683 2669 2683 2666 2683 2663 2683 2630 2706 2509 2714 2516 2768"/></Shape>
	    <String CONTENT="quare"
                    HPOS="2509"
                    VPOS="2683"
                    WIDTH="296"
                    HEIGHT="142"
                    WC="0.9998315095901489"></String>
          </TextLine>

          
          
          <TextLine ID="eSc_line_0a8ff4ed"
                    TAGREFS="LT11324"
                    BASELINE="1779 2851 2063 2817 2431 2789" 
                    HPOS="1774"
                    VPOS="2742"
                    WIDTH="657"
                    HEIGHT="150">
            <Shape><Polygon POINTS="1781 2892 1892 2884 1895 2884 1897 2884 1897 2881 1900 2879 1923 2858 1972 2866 1975 2866 2122 2843 2148 2848 2197 2856 2199 2856 2202 2856 2246 2832 2258 2827 2284 2827 2393 2838 2395 2838 2398 2838 2400 2838 2431 2809 2431 2789 2424 2742 2215 2771 2199 2765 2176 2755 2173 2755 2171 2755 2168 2755 2117 2771 2021 2768 2019 2768 2016 2768 2014 2768 2014 2771 1993 2786 1988 2794 1936 2796 1921 2794 1854 2784 1851 2784 1848 2784 1774 2809 1779 2851"/></Shape>
	    <String CONTENT="in summa fore."
                    HPOS="1774"
                    VPOS="2742"
                    WIDTH="657"
                    HEIGHT="150"
                    WC="0.9904328158923558"></String>
          </TextLine>

          
          
          <TextLine ID="eSc_line_5e83b857"
                    TAGREFS="LT11324"
                    BASELINE="1789 2912 2818 2820" 
                    HPOS="1784"
                    VPOS="2771"
                    WIDTH="1037"
                    HEIGHT="175">
            <Shape><Polygon POINTS="1789 2938 1818 2946 1820 2946 1823 2946 1825 2946 1841 2936 1854 2928 1867 2933 1892 2943 1895 2943 1897 2943 1900 2943 1967 2925 2019 2912 2042 2920 2073 2930 2075 2930 2078 2930 2081 2930 2112 2915 2137 2902 2166 2910 2194 2920 2197 2920 2199 2920 2336 2910 2338 2910 2390 2894 2424 2884 2475 2887 2506 2889 2509 2889 2511 2889 2522 2884 2565 2863 2666 2874 2705 2876 2707 2876 2710 2876 2712 2876 2720 2869 2748 2848 2779 2866 2787 2869 2790 2869 2792 2869 2795 2869 2821 2861 2818 2820 2813 2771 2684 2771 2681 2771 2679 2771 2676 2771 2658 2786 2640 2799 2527 2807 2514 2799 2493 2789 2491 2789 2488 2789 2418 2796 2416 2796 2377 2814 2356 2822 2333 2820 2284 2809 2282 2809 2279 2809 2233 2830 2215 2835 2181 2835 2047 2827 2044 2827 2042 2827 2039 2827 2014 2848 1965 2840 1962 2840 1959 2840 1957 2840 1931 2861 1926 2863 1784 2874 1789 2912"/></Shape>
	    <String CONTENT="in tali casu plus gravitati specificee"
                    HPOS="1784"
                    VPOS="2771"
                    WIDTH="1037"
                    HEIGHT="175"
                    WC="0.9777622756205107"></String>
          </TextLine>

          
          
          <TextLine ID="eSc_line_40401500"
                    TAGREFS="LT11324"
                    BASELINE="1727 2979 1810 2972 1874 2982 2042 2948 2779 2894" 
                    HPOS="1722"
                    VPOS="2851"
                    WIDTH="1057"
                    HEIGHT="167">
            <Shape><Polygon POINTS="1776 2954 1774 2936 1722 2938 1727 2979 1732 3018 1784 2992 1833 2997 1856 2997 1872 2997 1928 2977 1962 2997 1965 2997 1967 2997 1970 2997 2052 2992 2055 2992 2057 2992 2063 2987 2096 2959 2166 2969 2168 2969 2171 2969 2173 2969 2173 2967 2194 2948 2369 2938 2439 2951 2485 2959 2488 2959 2491 2959 2540 2941 2545 2941 2547 2941 2583 2951 2586 2951 2589 2951 2591 2951 2594 2951 2612 2936 2630 2918 2661 2930 2687 2941 2689 2941 2692 2941 2694 2941 2779 2918 2779 2894 2774 2856 2681 2863 2674 2863 2632 2851 2630 2851 2627 2851 2625 2851 2622 2851 2594 2869 2591 2871 2583 2869 2537 2858 2534 2858 2532 2858 2529 2858 2527 2858 2501 2876 2498 2876 2496 2876 2413 2871 2411 2871 2313 2892 2297 2894 2295 2894 2274 2879 2271 2879 2269 2879 2266 2879 2264 2879 2228 2900 2225 2900 2217 2900 2137 2889 2135 2889 2132 2889 2130 2889 2130 2892 2127 2892 2114 2907 2037 2897 2034 2897 1916 2923 1903 2925 1897 2925 1838 2912 1836 2912 1833 2912 1830 2912 1818 2920 1802 2967"/></Shape>
	    <String CONTENT="idendum esse. alii sunt casus"
                    HPOS="1722"
                    VPOS="2851"
                    WIDTH="1057"
                    HEIGHT="167"
                    WC="0.9822037404981153"></String>
          </TextLine>

          
          
          <TextLine ID="eSc_line_047c209c"
                    TAGREFS="LT11324"
                    BASELINE="1707 3049 1905 3054 2057 3028 2473 2992" 
                    HPOS="1701"
                    VPOS="2930"
                    WIDTH="772"
                    HEIGHT="196">
            <Shape><Polygon POINTS="1882 3003 1859 3003 1825 3010 1807 3039 1781 2990 1769 2982 1766 2982 1763 2982 1701 2982 1707 3049 1709 3088 1740 3085 1743 3085 1797 3126 1799 3126 1802 3126 1805 3126 2011 3111 2014 3111 2086 3083 2101 3085 2148 3069 2154 3069 2181 3049 2186 3044 2251 3041 2256 3044 2284 3058 2346 3053 2364 3034 2364 3031 2473 3023 2473 2992 2467 2948 2359 2930 2356 2930 2354 2930 2351 2930 2315 2954 2277 2979 2194 2985 2161 2961 2148 2948 2145 2948 2142 2948 2140 2948 2088 2951 2086 2951 2083 2951 2065 2964 2016 3000 1936 3003 1931 3000 1908 3000"/></Shape>
	    <String CONTENT="ubi plus fcdu eit hoc"
                    HPOS="1701"
                    VPOS="2930"
                    WIDTH="772"
                    HEIGHT="196"
                    WC="0.7827085284959703"></String>
          </TextLine>

          
          
          <TextLine ID="eSc_line_3ea80e79"
                    TAGREFS="LT11324"
                    BASELINE="1807 3005 1944 2997" 
                    HPOS="1805"
                    VPOS="2969"
                    WIDTH="139"
                    HEIGHT="67">
            <Shape><Polygon POINTS="1908 2977 1882 2982 1856 2979 1830 2977 1805 2974 1807 3005 1807 3028 1879 3036 1882 3036 1885 3036 1944 3013 1944 2997 1936 2969 1934 2972"/></Shape>
	    <String CONTENT="tribussu"
                    HPOS="1805"
                    VPOS="2969"
                    WIDTH="139"
                    HEIGHT="67"
                    WC="0.9588821604847908"></String>
          </TextLine>

          
          
          <TextLine ID="eSc_line_388684ce"
                    TAGREFS="LT11324"
                    BASELINE="2527 2992 2831 2964" 
                    HPOS="2522"
                    VPOS="2905"
                    WIDTH="312"
                    HEIGHT="133">
            <Shape><Polygon POINTS="2531 3038 2769 3018 2834 3008 2831 2964 2818 2905 2782 2930 2720 2936 2699 2923 2676 2907 2674 2907 2671 2907 2669 2907 2612 2912 2609 2912 2522 2948 2527 2992"/></Shape>
	    <String CONTENT="saltem ad"
                    HPOS="2522"
                    VPOS="2905"
                    WIDTH="312"
                    HEIGHT="133"
                    WC="0.9973082145055135"></String>
          </TextLine>

          
          
          <TextLine ID="eSc_line_48702a11_b"
                    TAGREFS="LT11324"
                    
                    HPOS="1926"
                    VPOS="3108"
                    WIDTH="104"
                    HEIGHT="30">
            <Shape><Polygon POINTS="2029 3108 1959 3113 1957 3113 1954 3113 1926 3138 1933 3136 1943 3132 1953 3131 2006 3118 2030 3110"/></Shape>
	    <String CONTENT=""
                    HPOS="1926"
                    VPOS="3108"
                    WIDTH="104"
                    HEIGHT="30"></String>
          </TextLine>

          
          
          <TextLine ID="eSc_line_48702a11_c"
                    TAGREFS="LT11324"
                    
                    HPOS="1788"
                    VPOS="3132"
                    WIDTH="54"
                    HEIGHT="16">
            <Shape><Polygon POINTS="1820 3132 1818 3132 1815 3132 1812 3132 1810 3132 1807 3132 1788 3144 1842 3148"/></Shape>
	    <String CONTENT=""
                    HPOS="1788"
                    VPOS="3132"
                    WIDTH="54"
                    HEIGHT="16"></String>
          </TextLine>

          
        </TextBlock>
        
        <TextBlock HPOS="1651"
                   VPOS="3087"
                   WIDTH="1209"
                   HEIGHT="486"
                   ID="r1"
                   TAGREFS="BT16575">
          <Shape><Polygon POINTS="1706 3156 1651 3229 1716 3533 2078 3573 2363 3548 2754 3442 2860 3330 2851 3201 2549 3087 2274 3104 1943 3132 1886 3156 1821 3150"/></Shape>
          
          
          <TextLine ID="eSc_line_48702a11_a"
                    TAGREFS="LT11324"
                    BASELINE="1681 3219 2395 3170 2622 3175" 
                    HPOS="1679"
                    VPOS="3113"
                    WIDTH="943"
                    HEIGHT="165">
            <Shape><Polygon POINTS="2424 3116 2398 3116 2375 3116 2336 3126 2323 3116 2320 3116 2295 3116 2269 3116 2243 3116 2217 3119 2212 3119 2197 3132 2171 3119 2166 3119 2137 3119 2112 3119 2097 3119 1943 3132 1924 3140 1913 3150 1900 3162 1861 3162 1849 3153 1821 3150 1776 3152 1769 3157 1763 3157 1756 3201 1748 3165 1701 3163 1679 3192 1681 3219 1686 3278 1833 3235 1890 3258 1892 3258 1895 3258 1897 3258 1900 3258 1916 3245 1952 3260 1954 3260 1957 3260 2065 3255 2068 3255 2070 3255 2070 3253 2124 3222 2238 3204 2431 3196 2485 3222 2488 3222 2491 3222 2493 3222 2537 3209 2563 3222 2571 3224 2573 3224 2576 3224 2622 3217 2622 3175 2614 3119 2491 3124 2488 3124 2473 3113 2449 3113"/></Shape>
	    <String CONTENT="quod certis experimentis ponstat"
                    HPOS="1679"
                    VPOS="3113"
                    WIDTH="943"
                    HEIGHT="165"
                    WC="0.9745792970061302"></String>
          </TextLine>

          
          
          <TextLine ID="eSc_line_6f7bbdb3"
                    TAGREFS="LT11324"
                    BASELINE="2135 3258 2336 3227 2473 3219" 
                    HPOS="2127"
                    VPOS="3178"
                    WIDTH="346"
                    HEIGHT="113">
            <Shape><Polygon POINTS="2137 3286 2212 3291 2215 3291 2217 3291 2220 3291 2220 3289 2235 3276 2246 3268 2295 3271 2364 3273 2367 3273 2473 3250 2473 3219 2465 3178 2127 3206 2135 3258"/></Shape>
	    <String CONTENT="inde colligatur"
                    HPOS="2127"
                    VPOS="3178"
                    WIDTH="346"
                    HEIGHT="113"
                    WC="0.9381405512491862"></String>
          </TextLine>

          
          
          <TextLine ID="eSc_line_89b60e06"
                    TAGREFS="LT11324"
                    BASELINE="1946 3325 2248 3307 2529 3271 2826 3253" 
                    HPOS="1941"
                    VPOS="3201"
                    WIDTH="885"
                    HEIGHT="173">
            <Shape><Polygon POINTS="2282 3235 2233 3260 2217 3268 2003 3284 1983 3273 1980 3273 1977 3273 1975 3273 1941 3286 1946 3325 1949 3374 2137 3335 2194 3356 2197 3356 2199 3356 2202 3356 2261 3351 2264 3351 2266 3351 2302 3322 2380 3340 2390 3340 2393 3340 2447 3335 2449 3335 2452 3335 2454 3333 2491 3307 2573 3317 2576 3317 2578 3317 2614 3299 2635 3317 2638 3320 2640 3320 2643 3320 2645 3320 2648 3320 2658 3315 2710 3289 2826 3299 2826 3253 2818 3201 2573 3204 2473 3224 2470 3224 2467 3224 2452 3237 2439 3250 2354 3255 2338 3250 2302 3232 2300 3235"/></Shape>
	    <String CONTENT="sammum utriusque collatione"
                    HPOS="1941"
                    VPOS="3201"
                    WIDTH="885"
                    HEIGHT="173"
                    WC="0.9650394475018537"></String>
          </TextLine>

          
          
          <TextLine ID="eSc_line_a66bb865"
                    TAGREFS="LT11324"
                    BASELINE="1743 3412 2826 3330" 
                    HPOS="1738"
                    VPOS="3286"
                    WIDTH="1088"
                    HEIGHT="173">
            <Shape><Polygon POINTS="1766 3392 1758 3361 1738 3369 1743 3412 1743 3441 1869 3436 1872 3436 1908 3459 1910 3459 1913 3459 1916 3459 2029 3449 2032 3449 2034 3449 2081 3420 2248 3433 2251 3433 2253 3433 2385 3394 2393 3394 2395 3394 2488 3415 2491 3415 2591 3407 2594 3407 2596 3407 2627 3384 2656 3397 2658 3397 2661 3397 2663 3397 2666 3397 2694 3371 2697 3371 2699 3371 2774 3382 2777 3382 2779 3382 2826 3361 2826 3330 2818 3291 2643 3302 2617 3286 2614 3286 2612 3286 2609 3286 2607 3286 2571 3304 2552 3289 2550 3289 2547 3289 2545 3289 2475 3294 2473 3294 2413 3322 2408 3322 2405 3322 2359 3304 2356 3304 2354 3304 2181 3338 2142 3320 2140 3320 2137 3320 2135 3320 2088 3338 2016 3333 2014 3333 2011 3333 1970 3356 1965 3358 1846 3364 1810 3348 1789 3353"/></Shape>
	    <String CONTENT="ad perficiendam Meteoro logicas prce–"
                    HPOS="1738"
                    VPOS="3286"
                    WIDTH="1088"
                    HEIGHT="173"
                    WC="0.96385234191611"></String>
          </TextLine>

          
          
          <TextLine ID="eSc_line_546d8685"
                    TAGREFS="LT11324"
                    BASELINE="1743 3498 2256 3474 2475 3487" 
                    HPOS="1740"
                    VPOS="3387"
                    WIDTH="735"
                    HEIGHT="178">
            <Shape><Polygon POINTS="1825 3407 1807 3425 1807 3428 1740 3428 1743 3498 1743 3536 1765 3538 1954 3534 1975 3536 2091 3565 2093 3565 2219 3561 2339 3550 2382 3528 2387 3526 2390 3528 2407 3536 2475 3518 2475 3487 2470 3397 2457 3387 2454 3387 2452 3387 2449 3387 2359 3389 2356 3389 2354 3389 2354 3392 2336 3407 2323 3397 2320 3397 2318 3397 2315 3397 2313 3397 2289 3410 2261 3425 2194 3425 2163 3412 2132 3402 2130 3402 2127 3402 2124 3402 2122 3402 2104 3415 2081 3431 1983 3431 1967 3420 1967 3418 1965 3418 1962 3418 1959 3418 1957 3418 1949 3420 1913 3433 1882 3423 1841 3405 1841 3407"/></Shape>
	    <String CONTENT="dictiones esse opu esttam"
                    HPOS="1740"
                    VPOS="3387"
                    WIDTH="735"
                    HEIGHT="178"
                    WC="0.9455867695808411"></String>
          </TextLine>

          
        </TextBlock>
        

        
      </PrintSpace>
    </Page>
  </Layout>
</alto>
