3337 4800
478 101 274 152 Resitutios

896 122 165 131 (motus)

170 160 1683 184 s Elastica est conatqus corporis ad mutandum Volumen.

672 280 205 88 quantisu.

160 285 1261 173 Volumen est spatii a corpore occupati

157 373 1552 168 Volumen Violentum (Naturale) est ad quod mutandum

258 485 1129 131 corpus conatum() habet.

536 549 528 104 prisce  procura

176 541 1461 197 Compressium est stas corpusris conatum habentis

288 621 1285 187 ad augendum  (minuendum) Volumen

176 709 1597 192 Aensio est sitatus corporis conatum habentis ad minuendum

282 869 342 104 Volumen.

221 842 1526 200 Restitutio est molus corporis ad mutandum volumen:

200 896 2134 234 vis Elastica specifica est quae speciebus corporum, non qu inter se collatis aestimatur,

157 1042 1936 206 (1) Vis Elastra tanta est, quanta est vis minimasu

173 1120 1918 226 srimpediens restitutionem, e posentia maxima ab Elaterio su stentabilis

994 1208 537 98 indens et sustentata sex

1648 1186 419 88 impediens et impedita

349 1298 808 107 Nam generatim. omnis potent

1074 1336 51 53 12

1392 1296 85 114 ptui

1496 1288 157 114 tar

1648 1232 53 122 .

232 1365 933 125 est minimum ejus impedimentum

1248 1365 147 88 n

248 1429 1075 144 Mecaphy sicis demonstratum s

1403 1424 221 88 Ferrea

362 1477 1334 171 ione Rotae A. Elaterimm esse ita applicatum

213 1549 1544 179 ut restitutione ej Elaterii Rotam circumagi necesse sit.

218 1632 1766 176 Rotae autem lentis, dentibus columnae ac. a pondere appenso

208 1704 1469 202 detractae l depressae esse insertos, ac proinde

1477 1781 248 85 restitui

224 1813 1232 168 pondus non posse Elaterium vel minimum

213 1872 1480 184 nisi pondus  elevetque tantundem. Esto pondus

210 1970 1486 171 d. Justominus, quod scilicet Elaterii restitutionem non

221 2032 1568 189 impediat: Pondus Dd. pisto majus, quod scilicet Elaterium

213 2104 1494 202 plus quam impediat, pondus justum D quod Elai

197 2194 1515 182 sit Elaterii impedimentum minimum sufficiens, seu

197 2253 1987 195 quod audum  sit plus quam sufficiens,se qo sufficetrum scilicet

221 2349 1555 163 impediendo eti am fortiori: et mu imminutum

202 2418 1529 187 sufficiens esse cesset. Est ergo pondus D Elaterio

186 2488 1497 197 sunt ergo duae Potentiae ponderis D. et Elaterii A.

253 2645 309 101 aequales.

800 2602 419 107 corpori intestina.

189 2602 1616 224 (2) Vis Elastica compressorum fit est ductu MMateriae

237 2773 299 109 in Motum

314 2776 1361 184 Vim corporicintestinam vocus qum cujus principium in

242 2848 1411 189 ipso corparc c se quae exerceretur aliis corporibus

226 2986 438 110 vihil agentibus

176 2997 1563 213 (3) Vis Elastica totius fit ex additione virium Elacticarion

272 3157 458 123 omnium partidi

338 3184 1345 170 Nam gegeratta potentia totiusaesualis est

248 3288 1107 152 summae et potentiis partium collectae

213 3373 1467 184 &() Vis si duae vis Elasticae comparandae

221 3456 1627 176 sunt inter se, Ratio it inibitut. Si duae vis Elastcae

210 3560 1459 168 sustineant potentias aequales, erunt  Polumina

229 3637 1443 187 2(2) Vis Elasticae specificae

1656 3670 1230 140 Epesidia caetrispartus sustentantia, caetris paribus

597 3714 814 120 sunt inter se ut volumina

213 3757 1571 155 ut rotugia cum ab ate aequales

1941 3784 435 82 aeris aut lanae, vel

474 3829 678 101 seu dive vires Elasticaede

224 3837 1565 184 pote tiac contendentes spusinta comparabuntur:

424 3949 40 75 2

245 3912 1544 176 Ei duo corpora Elastica diversarum specierum  eodem

200 4048 72 72 seu

240 3952 1848 229 pondere seu e adem potentia contendente, intendente ab vel fd

245 4048 1624 200 urgeantur ,erunt inter se, ut volumins srstimentia

253 4136 1472 194 post absolu tam compressionem residua (eut post

248 4210 1459 179 absolutam tensionem producta.) Quia si ides

234 4296 1513 173 eadem otentia in divensa obstacula dibentos habet

250 4332 2873 228 effectus erunt obsdacusa ut effectus ut in sgraphysica demonstratum suppono. Sed quia tales metaphysicas,

245 4424 2814 229 quibus jusmodi propositiones demonstrentur,  nalo publico non habemus, hoc loco obiter demonstrabe.

1336 944 883 165 potentia rgenscontendem

1736 1258 201 103 ualgs

2043 125 1091 133 Intensio est vis Elasticae procuratio

1876 757 1220 144 Sustentatio 6s impedimentum alterioris

2534 826 653 96 intensionis aut pditio

2571 906 536 72 tioni ten detentionis

2025 922 1183 139 eoterntia contepetentia intendens est Elaturumm

2379 1002 773 112 sustentans et ab Elaterio

2384 1072 824 114 sustentata Elaterio scilicet

2414 1157 800 96 impediente ulteriorem poten

2406 1221 792 99 tia intensionem, et poten

2411 1280 781 125 tia impediente ulteriorem

2391 1362 780 118 Elateris rectitutionem ut

2440 1440 718 109 in fig. 2. Materia in Tubo

2387 1509 781 96 comprehensa Elaptica esto. pom

2392 1565 816 120 Cii incumbat pondus ab. vel aa bb

2379 1640 811 114 Si pondus in ab positum a

2374 1706 762 96 maaeriaeElaterio sustinetur

2374 1760 784 112 hn ultra descendat, et contra

2371 1821 821 115 in dabb positum t a materiae

2368 1885 827 109 Elaterio sustentatem, tem leva

2360 1954 824 102 tur, sed non ultra quam in ab.

2358 2021 813 91 ubi scilicet potentia Elaterium,

2350 2082 866 104 et Elaterium potentiam sustinet

2341 2141 886 125 Volumina sustentantia sunt post

2344 2210 883 120 absolutam intensionem produca

2324 2277 900 136 Relaxare est dare libertatem rostitutio

2358 2397 98 84 ris

1879 3853 940 96 ut aeris ordinaru aut rati pressive

2355 4566 293 87 NXX u N
