3360 4787
130 202 1641 188 Recepta fuit sententia in schalis effectus quosdam-

118 311 1555 154 extraordinarios Naturae, qui scilicet eveniunt, quoties

117 401 1588 141 alioquin corpore uno ex suo loco exeunte aliud sensibile

143 478 1562 149 intrare non psseta fuga Vacui oriri; ut quod

143 563 1596 168 duae Tabulae politae sibi applicatae, cohaerent, divallen

122 672 1546 141 cohaerere videntur divellentique resistunt, quoties

146 757 1487 152 partes earum non separantur successive; ita cum

138 843 1569 143 enim aer aut aliud liquidum circumfusum non omnia

146 922 1556 147 loca ab omnibus partibus deserta simul implere possint,

151 1002 1530 157 quia margini viciniora primum impleri necesse est;

135 1079 1474 149 at vero loca tam margini propinqua, quam

109 1143 1668 157 introrsum recedentia tali divulsione simul vacuentur;

117 1226 1622 154 sequeretur, inquiunt, ea vacua mansura, quod ne fiat

130 1329 609 117 divulsio impeditur.

872 1308 851 122 Quod item aqua ex vase

138 1382 1522 152 non effluit, aut embolus ex Tubo extrahi non potest,

127 1457 1618 146 cujus unum tantum foramen apertum est; aut follis

99 1531 1656 168 aperiri non potest cujus nullum Aut quod foramine

130 1619 1583 146 debito aperto in tali casu corpus etiam alias

114 1694 1649 170 grave ascendit in tubum embolo extracto (ut in antlia

140 1787 1520 175 experimur) aut in follem tabulis diductis; qui

164 1877 1658 170 sunt effectus suctionis, qualem etiam nos ore exercemus

643 1978 43 67 duc

178 1944 1641 172 ut cum globum plumbeum s ex canali sclopetario

159 2023 1527 163 cum dentium periculo evocam Quo

204 2116 1490 149 pertinet phaenomenon quoque siphonis bicruri

164 2175 1591 175 E50ПXB5 liquore pleni, qui altero cuure breviore

180 2255 1573 175 in aquam vase quodam contentam intrans altero

188 2345 1658 162 longiore infra aquaesuperficiem extra vas

194 2422 2471 186 descendens aquam ex vase elicit, quod mihi eccusionem, ut obiter dicam, occasioneme

202 2526 1516 157 dedit inveniendae Clepsydrae cujusdam uniformiter

204 2606 1501 173 fluentis hactenus fustra tentatae, quam postea

186 2728 721 141 separatim exponam

1316 2691 423 112 Haec ab omni

218 2779 1915 172 retro memoria, ad horrorem quadm vacui referebantur

194 2854 2202 188 primus Galilaeque cum ab artificibus experimento  edoctis

196 2959 1706 179 didicisset, aquam in antliis non posse elevari in infinitum,

210 3047 1607 160 ut veteres credebant, sed nec ultra 30 pedes multum

223 3122 1724 181 attolli posse, nescio quid aliud causae subesse suspicatus est.

239 3231 1530 151 Nam si hecAqua ascenderet ob Vacui horrorem, aut

239 3303 1593 172 potius Mundi plenitudinem, utique ascenderet in infinitum;

226 3382 1564 160 siTuborum  rupturae terminatione effectus ascribi non

226 3457 1543 170 posse, compertum enim erat, eosdem Tubos nihilo quam

234 3526 1726 170 ante factos ineptiores nec aqua   iia a ltetr a tea ie fuisse

228 3603 1692 170 relapsam, quod fecisset utique si Tubo rimas agente intrasset,

220 3672 1644 181 aer Et vero nec capi poterat quomodo diversae materiae,

220 3733 1753 200 tubi rimas eodem tempore agerent, ad agendas effectumque

247 3821 1476 189 ubique eundem edendum conspirare possent.

258 3914 1652 176 primus  Evangelista Torricellius Mathematicus Florentinus

268 3983 1570 179 galilaei discipulus Experimento illo celebri sumto

276 4063 1474 168 quod valerianus M. sibi quoque vendicare voluerat,

997 4159 149 80 aeris

255 4116 2400 200 et nunc a doctis Barometer appellari solet de gravitate Massae aereae contrapondio

255 4170 2886 244 rsuspicionem fecit., Quam a petito Clarissimo Petito anno 164 in Gallia

255 4300 1503 175 ingenio sissinus Pascalius avide arreptam i illa

287 4390 1506 162 experimento observatione in vertice montis cujusdam

313 4462 1496 183 Arvernia vulgo le Puy de domme per Clerierium facta

1319 4544 253 104 Chuum

2027 1733 806 115 ad locum, ut ajunt, implendum

1918 1990 1170 100 Ut de ventosis de ratione item aquam in

1968 2045 1224 117 aeclipilam aliosque angustos canales unc tantum

1918 2122 1199 103 aperturae immittendi, si calefiant, et postea

1920 2199 1275 122 aquae drificiis immissa refrigescant, non

1882 2268 326 92 dicam

2007 2522 459 126 Experiment.

2202 3404 269 93 praecise cis

2052 3458 866 134 si intra terminos consisteres

2099 3913 893 116 in Mercurio liquido tractabiliore,

2979 4404 109 130 st
