4057 2703
1078 30 638 55 cujus partes similiter terminatae tane similes

560 61 1491 98 Loctm intus scenua sibi similem (qualis est (praeter rectam) planumet spatimus

555 129 1483 106 ut denique Locum Uniformem cuius partes aequales sunt similes quales

558 204 1406 99 locus pastem plan similiter terminatae aequales sunt similes (seu

566 262 1445 105 congruenter terminatae) sunt similes, adeoque congruentes: seu cujus

557 315 1440 124 partes congruenter terminatae sunt congruentes; talis est praeter

546 381 1460 122 rectam, planum et spatium, est arcus circularis helix cylindrica,

534 456 1023 131 superficies sphaerae, superficies cylindrica.

1622 455 411 81 Habemus ergo rectam

545 516 1430 120 locum sibi simillimum, cujus omnes partes sunt similes; locum intus

459 563 1568 148 sibi similem, cujus partes similiter terminatae sunt similes locum uniformem

533 623 1460 129 cujus partes congruenter terminatae sunt congruentes. In loco

537 678 1459 140 In omni loco uniformi _ interminato omnem omne punctum

533 741 1494 147 similiter situm est, ut in recta, plo, circuli arcu trelice cylindrica,

540 804 1421 154 plano, superficie sphaerica, superficie cylindrica; seu in luco

543 869 1405 149 uniformi nisi terminos respicias punctum a puncto discerni

522 994 179 79 nequit

723 928 1232 144 itaque Locum uniformem etiam sic definire licebit, ut sit

537 983 1489 158 ille si cujus punctum quodvis intus similiter situm est. Jatus inquam

512 1048 1449 153 id est sine respectu terminorum. Omniae autem locus uniformiile

527 1097 1519 168 hoc habet, ut pars ejus super toto (quantum satis est producto)

1712 1172 164 89 Exe

518 1196 1083 116 incedere possit, vel etiam pars una super alia

540 1247 1393 133 Ex his notelligitur simibitudinis et congruentiae d natura

690 1268 322 65 velius s illustratur

524 1310 1434 134 quibus sane Et quidem congruentia jam usi sunt Geometrae, at

543 1362 1391 142 similitudine non aeque, quia ejus definitionem non habebant.

537 1422 1448 139 quam ego generlem demum generalem dedi, non ab angulis

540 1482 1442 147 sumtam, quae casum tantum praebent similitudinis, sed a principio

1467 1531 464 104 Notavi etiam ut

510 1569 904 115 altiore, rempe a ratione discernendi.

512 1596 1548 159 sumlitudinem & congouentium, ita quoque homogeneum et aequale discriminati

518 1672 1500 136 Nam Tomogenea sunt loca quae transformari possunt in similia.

522 1720 1477 163 sed aequalia sunt  quae transformari possunt in congruentia.

2930 54 165 70 et plani

2284 97 1091 110 eometrae postularunt rectae descruptionem

3405 105 151 73 modum

2104 171 1385 108 vero exhibendi non dedere, nam regula jam est recta

2126 232 1412 117 nam quod regulam in describenda recta adhibent, id  jam

2250 276 66 33 curm

2143 306 1170 111 rectam in regulae ipsiue limbo descriptam sumunt.

3376 300 107 69 Duo

2125 360 1457 129 autem modi sunt describendi rectam, unus per puncta alte

2113 433 1583 128 pr aotum continuum; ex his prior magis est Geometricus posterior

2122 488 1451 136 magis organicus, quanquam  ita Geometriam recte accipere

2113 548 1427 142 solamus  ut et organicam seu phorographiam comprehendat.

2116 609 1413 146 Et quidem per motum exhibetur recta, si assumatur cor

2083 732 492 102 corpus snon excavatum

2651 675 925 111 et duobus punctis immotis moveatur,

2084 746 1432 147 id est gyretur, tunc locus annium punctorum quiescentium

2080 801 1436 164 erit recta; locus autem successious puncti mobilis erit

2077 943 314 81 arcus circuli.

2497 863 1157 147 per puncta autem ut exhrbeamus rectam

2984 949 21 43 n

2087 937 1483 163 prius exhibeamus planum; est igiter planum locus omnium

2076 988 1459 180 punctorum similiter se habentium ad duo puncta data. ita

2117 1030 1481 196 ita s si punctam  quaecunque, X se ha Nempe si sit punctum de

2093 1100 1699 183 eodem modo se habens ad A et ad B tunc locus omnium X erit planum X

2078 1184 1480 169 planum. itaque sic puncta plani quodlibet invenivi possunt, si circa

2083 1238 1443 179 A et B, intelligantur duoe superficies sphaericae inter se aequales,

2095 1302 1539 171 et sibi occurrentes, puncta ambabus superficiebus communia, erunt in

2099 1354 1501 177 plano eddem _ X. Et si aliae superficies sphaeriaae aequales

2108 1409 1617 178 prioribus  utcunque majores aut minores sibi occurrentes assumantur

2105 1468 1657 179 puncta concursuum vursus erume in eodem plano X. itaque determinantur

2102 1537 1381 170 iIta modum habemus plani puncta quotcunque determinandi.

2090 1578 1528 202 porro rectae puncta quotcunus  eodem modo determinabinens

2101 1654 1526 172 in ipso plano. Nam sumtis in plano aliquo duobus punctis C et D,

2075 1719 1436 177 sumatur punctum Y eodem modo se habens ad C et ad D, et

2811 1821 48 44 m

3134 1785 362 98 Etuno rectae

2068 1841 839 123 locus omnium Y,  erib recta Y.

2080 1856 1545 183 planii definitio aptissima est ad constructimem Geometricam;

2838 1922 712 129 mpt itaque seqe sic puncta rectae

2065 2007 715 90 nec aesi ud postulatur quam

2074 1979 1581 177 quotlibet inveniri possunt: si circa C et d intelligantur duae circumferentio

2075 2036 1535 169 circuli deseriptae inter se aequales, et sibi occurrentes, puncta ambabus

2071 2085 1699 167 communia, eadent in rectam eodem modo se ad C habentem quo se

2084 2237 265 87 habet ad D.

2428 2154 1181 154 Et hae recta planique definitiones aptissimae sunt

304 2516 691 51 GOTTFRED MILHELM LEIBRIIZ BIBLIOTHIER

3445 2524 410 51 Signatur: LN 35, I. 14, (461. 23V

304 2579 697 53 NIEDERSACHSISCHE LANDESBIBLIOTHEK

3774 1333 209 69 F quod eodem

3777 1384 260 83 mudo se habet

3818 1431 175 70 ad A quo

3815 1479 112 71 ad B
