3145 2739
71 161 131 59 CECL,

150 547 60 58 Ed

164 614 53 47 s=

176 792 47 61 e

147 199 61 84 Ea

114 275 88 74 sti

123 348 80 62 25E

138 418 65 62 it

152 473 64 59 cui

124 648 116 58 1t sa

203 139 1249 141 qualis est stantia inter B et C item sa et N. idque

633 185 835 134 Ergo potest  tansferii in M et N

200 243 404 97 etra (per 9 hic)

204 237 1339 167 tansferri in B et C, (quia duo puncta aequidistantia sibi substitui

203 293 1334 180 possunt salvo situ) quo fucto et MN erit translata in _BC

1096 410 423 92 E st jam quae

1403 448 99 41 Na

215 354 1293 169 seu colncident _ BC et MN (alioqui contra  g. hic, non

214 442 801 131 coincidereat duae rectae per duo puncta)

650 477 844 128 mplto magis similia sunt. (Hinc unae

236 532 410 102 congruunt sidiul

771 512 761 122 rectas aequales esse similes) porro

236 582 509 120 se Hine colligitur, duas

252 680 117 72 Quia

377 555 1155 179 recta A aqua eet similis ipsi BC, e (per def.)

1388 671 117 70 Quod

267 622 1253 178 (per  1. hic) et BC ipsi MN, utim demonstravimus.

633 687 724 146 (per 1. hic) Ergo et A ipsi L.

269 776 338 94 et MN ipsi L

966 715 611 117 is unicum definiu eriuse omnia puncta

726 849 57 42 nun

861 756 744 123 is relationis unica, seu ad data punca Monolgge

418 800 496 93 monstrandum puncta rela

273 852 115 64 erat

263 808 1271 159 Locus omuud punc Linea eujus omnia puncta sunt suae

263 852 1228 166 ad duo data puncta relationis unica est recta

1179 952 157 49 vis n

1511 938 105 73 tiondica

1366 967 208 67 duo quaevis gs

283 899 1291 173 nam  e est suc est suae ad duo extrema relationis

1141 981 154 76 acime tum

803 998 93 103 b

322 1027 445 89 sus omnia punctas

227 1087 290 64 seu plenc oci pncta

232 1013 1305 179 puncte l nobusui sit osts A inea AB nncae et quactala e

783 1049 771 139 si quodcunque X unicum suae rela,

296 1138 462 120 quo punctum ejus

689 1174 73 43 sea

797 1157 90 46 de pa

327 1110 1216 184 tionis ad Cet D pita ut nollum aliud punctam detur

307 1156 1209 201 eodem modo situm  simul ad B et ad DC, dico id esse

1266 1273 273 81 or Nam

310 1205 1274 214 suae relationis unicum etiam ad A et B puncta iptrasAB

730 1325 865 155 ut D. B. C un. et S E. B. C un.

292 1322 814 157 Let M puncta ipsius AB, A.

298 1437 371 89 a X. B. C. un.

998 1398 547 114 et tollendo B. C per ex

1502 1492 68 55 in 1b9

337 1454 602 136 (ergo et 2 E D. B. C _en)

324 1445 1256 206 retatione uttina EX reb L tollatur B per Ex retr2 et

1462 1570 80 62 E

347 1527 1140 172 follendo B, fit A D. E. C. C un. id estD. E. C. un. c

356 1603 1047 149 similiter ex rel. 2 et 3 tolle ado C sit D. E. B un.

334 1623 1236 184 am ex rel. 1 tollatur C per rel. 5. fit X. B. D. E. un. et

342 1684 1236 189 ex rel. 7. follendo B per  rel. 6. sit X. D. E. D. E. un

857 1778 324 98 quod erat dem.

397 1838 339 82 es. X. D. E. un

1144 1856 384 85 se sua ad duo

342 1795 1200 187 Hinc patet lineam cujus omnia puncta sunt suae a

304 1902 795 133 duc data puncta relationis unica

1292 1955 283 85 scilicet tunc

333 1894 1263 204 ejus omnia puncta esse suae ad duo extrema rela=

470 1993 770 138 unica. patet ex praecedenti

339 2095 107 62 tieui

347 2070 724 144 _ D et E erunt ipsa extrema.

286 2072 1333 183 a patet eta si locus sit cujus lveus, omatum punctorum

305 2252 54 65 4)

365 2245 93 46 s

467 2122 1126 160 quix snon tantum omnia puncta lociAsint suae ad uno

388 2166 1140 169 data puncta DB et C relationis unica sed etam

319 2207 1259 183 omnia puncta suae ad duo data Buncta B et C relationis

344 2372 146 64 unica

506 2256 1107 158 sint puncta lociA ejusem loci A puncta erunt et cam

616 2382 128 75 Nam

777 2312 825 150 B est suae relationis unica ad B et C

368 2413 143 76 B et c

68 958 218 75 ta

114 923 68 76 n

86 1106 128 65 demon

86 1089 111 46 un

86 1153 127 49 pratio

108 1180 82 69 posse

197 1203 69 55 aio

83 1244 213 61 loco extubi

91 1278 195 70 punctisde

97 1313 161 62 minao

2540 68 426 88 (coincidit enum ipsi B

1648 71 834 126 nam B est suae relationis unica ad B

1665 126 1288 147 et quaeipsi coinciditasique coincidit) multo magis ergo est suae

2342 181 656 106 Est ergo B in A, similiter

1677 240 539 100 relationis unica ad B. C

2478 248 332 118 C esse in A

1706 283 741 118 demonstrabitur esfe CA.

1628 318 1313 171 (14) duo nea suae ad data re punct duo puncta

2534 461 84 47 linea

1680 388 1347 173 relationis unicas Locus suae ad duo data puncta relation

2481 462 493 93 loco suae ad alia duo

1686 494 787 142 unica similis est alteri puncto

2583 529 327 91 Ni p 73.

1692 564 795 135 data puncta relationis unicae

1676 564 1341 201 sit linea AB suae ad puncta Cd relationis unica, et similiter

1691 642 1306 181 linea LM suae ad puncta Np relationis unica, dico lineam

1694 696 1275 201 AB esse similem lineae LM. Nam linea G AB est

2397 754 655 114 et similiter LM suoe ad Let

1688 818 685 131 suae relationis ad A et B unica

1701 821 1367 193 per 13) Itaque linea AB ex extremis A et B, est deter minata

2804 938 226 83 Ut scilicet

1700 893 1297 184 simt itemque Linea LM ex extremis L et M, ergo lineae

2271 972 514 112 similiter determinantur,

2665 1022 18 46 d

2804 996 118 61 puncta

1727 1033 515 114 AeC AB, et LM

1741 1010 1305 205 sint lineae quarum puncta sint suae ad extrema relationis

2083 1072 950 168 sunt igitur AB et LM similes inter se

1747 1186 238 80 unica.

1761 1234 373 97 quod erat dem.

2259 1238 76 47 duo

1656 1202 1382 214 (15) Linea suae ad, data puncta relationis unica

2198 1328 409 97 Nam pars linea

1736 1384 290 93 est recta

2268 1402 54 63 quo

1727 1354 1305 188 (5) pars lineae ad duonque sit sucuad duo data puncta

1773 1413 1291 187 relationem unicae, est etiam suae ad duo data puncta

2309 1469 738 131 No sit linea u A Ca suae

1774 1561 428 97 relationis unica

1762 1532 1267 196 ad puncta B et relationis unica, et pars ejus D, dico

1761 1602 1250 182 et puncta _ D talem esse, omne enim punctum ipsius d

1768 1673 1217 171 est punctum ipsius A, et omne punctum ipsius A est suae

1756 1711 1282 186 ad B et C relationis unicum. Ergo et omne punctum ipsis D. Ergo

1735 1860 323 95 ipsa D talis est

1742 1959 45 55 b

1863 1803 1234 187 pars linea quoud suae ad duo data puncta relationis unica

1759 1987 226 94 est recta

2103 1871 938 163 Nam lineae illius unicae ejus pars est etiam

2055 1997 77 67 antia

2173 1934 857 144 ucta relationis unica (per 15) ergo similis

1741 2040 400 93 suae ad duo data

1724 2022 1073 167 toti (per 14). Ergo linea falis est recta (per 1.)

2023 2140 15 40 n

1739 2058 1329 195 (17) vicissim recta est suae ad duo data puncta relationis

1729 2235 225 59 unica p

1991 2112 1062 168 quia non nisi unicq transit per duo  data

1762 2280 153 80 puncta

1948 2175 1098 153 Num sumatar i in ea duo puncta,  A et B, ajo

1724 2214 1309 176 exm esse _ suae ad A et B relationis unicam, seu quod vis in ea punctum at C

2963 2337 107 50 sis relius

1750 2235 1352 184 esse suae ad A et D relationis unicum. sit erim aliud punctu Est enim unica rectar

2860 2352 30 40 a

1974 2405 41 41 ta

2087 2312 972 123 utet ad alia omnia per veniri prius aut postserius quam ad C, aut plane

2563 2360 525 72 non pervenivi,  oanibus distingui potest

120 1994 144 41 dunctam ad

120 2016 141 48 duo puncta

120 2049 149 41 monologum

123 2072 179 47 est ad extrema

120 2099 157 51 linea ralium

121 2121 177 51 in quam eado

127 2148 151 65 mondlogum

223 2588 550 47 GOTTFRIED VILHIEIM LEIBNIIZ BIBLIOTHIEE

2523 2595 422 51 Signatur. LH 3S, 1, 14. (SOI- 2SV

223 2640 548 47 NIEDERSACHSISCHIE LANDESBIBLIOTHEN

162 1409 126 83 det E
