<?xml version="1.0" encoding="UTF-8"?>
<alto xmlns:xsi="http://www.w3.org/2001/XMLSchema-instance"
      xmlns="http://www.loc.gov/standards/alto/ns-v4#"
      xsi:schemaLocation="http://www.loc.gov/standards/alto/ns-v4# http://www.loc.gov/standards/alto/v4/alto-4-2.xsd">
  <Description>
    <MeasurementUnit>pixel</MeasurementUnit>
    <sourceImageInformation>
      <fileName>LH_37_3_0099v.jpg</fileName>
      
    </sourceImageInformation>
  </Description>
  
  <Tags>
    <OtherTag ID="BT16575" LABEL="MarginTextZone" DESCRIPTION="block type MarginTextZone"/><OtherTag ID="BT16576" LABEL="DamageZone" DESCRIPTION="block type DamageZone"/><OtherTag ID="BT16577" LABEL="DigitizationArtefactZone" DESCRIPTION="block type DigitizationArtefactZone"/><OtherTag ID="BT16578" LABEL="DropCapitalZone" DESCRIPTION="block type DropCapitalZone"/><OtherTag ID="BT16579" LABEL="GraphicZone" DESCRIPTION="block type GraphicZone"/><OtherTag ID="BT16581" LABEL="NumberingZone" DESCRIPTION="block type NumberingZone"/><OtherTag ID="BT16582" LABEL="QuireMarksZone" DESCRIPTION="block type QuireMarksZone"/><OtherTag ID="BT16583" LABEL="RunningTitleZone" DESCRIPTION="block type RunningTitleZone"/><OtherTag ID="BT16584" LABEL="SealZone" DESCRIPTION="block type SealZone"/><OtherTag ID="BT16585" LABEL="StampZone" DESCRIPTION="block type StampZone"/><OtherTag ID="BT27322" LABEL="text" DESCRIPTION="block type text"/><OtherTag ID="BT27323" LABEL="GraphicZone-formula-inline" DESCRIPTION="block type GraphicZone-formula-inline"/><OtherTag ID="BT27324" LABEL="GraphicZone-formula-complex" DESCRIPTION="block type GraphicZone-formula-complex"/><OtherTag ID="BT27325" LABEL="MainZone" DESCRIPTION="block type MainZone"/><OtherTag ID="BT27326" LABEL="GraphicZone-figure" DESCRIPTION="block type GraphicZone-figure"/><OtherTag ID="BT27327" LABEL="GraphicZone-formula-strikethrough" DESCRIPTION="block type GraphicZone-formula-strikethrough"/>
    <OtherTag ID="LT6926" LABEL="DefaultLine" DESCRIPTION="line type DefaultLine"/><OtherTag ID="LT6927" LABEL="HeadingLine" DESCRIPTION="line type HeadingLine"/><OtherTag ID="LT6928" LABEL="InterlinearLine" DESCRIPTION="line type InterlinearLine"/><OtherTag ID="LT11324" LABEL="default" DESCRIPTION="line type default"/>
  </Tags>
  
  <Layout>
    <Page WIDTH="3267"
          HEIGHT="4800"
          PHYSICAL_IMG_NR="268"
          ID="eSc_dummypage_">
      <PrintSpace HPOS="0"
                  VPOS="0"
                  WIDTH="3267"
                  HEIGHT="4800">
        
        <TextBlock HPOS="89"
                   VPOS="105"
                   WIDTH="2788"
                   HEIGHT="4456"
                   ID="r4"
                   TAGREFS="BT27325">
          <Shape><Polygon POINTS="416 105 283 117 192 154 143 241 125 438 124 591 124 794 135 1059 126 1248 109 1497 141 1865 105 2098 123 2626 89 2845 122 3210 105 3364 148 3476 118 3763 149 4100 151 4294 166 4472 250 4504 343 4499 579 4475 833 4492 1067 4561 1186 4494 1348 4500 1791 4495 1952 4431 1925 4357 1781 4321 1706 4252 1657 4002 1737 3861 1858 3709 1877 3623 1821 3595 1680 3598 1630 3450 1673 3421 2037 3404 2216 3421 2427 3400 2549 3425 2744 3407 2877 3385 2829 3255 2765 3233 2696 3245 2511 3267 2320 3259 2139 3281 1966 3279 1793 3275 1749 3249 1760 3144 1761 2990 1785 2916 1765 2821 1878 2755 1891 2678 1847 2615 1742 2537 1737 2472 1818 2429 1812 2368 1777 2314 1771 2250 1840 2195 1854 2135 1756 2067 1746 1976 1794 1925 1846 1811 1843 1700 1834 1576 1774 1525 1758 1401 1785 1246 1760 1147 1848 1041 1831 972 1776 878 1739 828 1775 736 1726 658 1728 536 1738 498 1866 475 1920 457 1941 398 1931 348 1824 342 1708 346 1666 322 1725 244 1695 167 1615 112 1432 111 1214 115 991 154 859 141 689 166 516 106"/></Shape>
          
          
          <TextLine ID="eSc_line_d56cd75d"
                    TAGREFS="LT11324"
                    BASELINE="174 186 530 157" 
                    HPOS="170"
                    VPOS="109"
                    WIDTH="360"
                    HEIGHT="112">
            <Shape><Polygon POINTS="272 122 270 122 192 154 170 193 170 210 266 221 269 221 530 181 530 157 525 109 525 109 330 136 322 128 309 120 309 117 298 120"/></Shape>
	    <String CONTENT="confirmavis;"
                    HPOS="170"
                    VPOS="109"
                    WIDTH="360"
                    HEIGHT="112"
                    WC="0.9997744063536326"></String>
          </TextLine>

          
          
          <TextLine ID="eSc_line_20b3ef0b"
                    TAGREFS="LT11324"
                    BASELINE="146 269 880 202 1618 162" 
                    HPOS="143"
                    VPOS="111"
                    WIDTH="1475"
                    HEIGHT="198">
            <Shape><Polygon POINTS="1578 117 1565 112 1561 112 1505 111 1434 125 1397 112 1389 114 1376 114 1330 133 1266 120 1256 122 1229 125 1208 125 1098 152 1062 142 991 154 956 151 917 160 882 144 858 146 840 146 808 149 759 156 725 178 666 168 664 168 661 168 629 184 605 168 602 168 600 168 597 168 594 168 544 192 490 173 488 173 485 173 397 178 394 178 392 178 392 181 389 181 373 202 192 197 189 197 186 197 161 209 143 241 146 269 149 309 386 272 464 288 466 288 469 288 472 288 520 258 650 253 682 266 685 266 688 266 690 266 693 266 693 264 712 245 773 242 882 258 885 258 888 258 890 258 925 232 973 250 976 250 978 250 981 250 984 250 984 248 1000 234 1141 240 1144 240 1146 240 1221 213 1242 232 1245 232 1248 232 1250 232 1365 224 1368 224 1370 224 1400 202 1432 218 1434 218 1437 218 1440 218 1442 218 1480 192 1618 205 1618 162 1613 130 1605 128"/></Shape>
	    <String CONTENT="Qua ostensum est in loco altiore ubi scilicet minus"
                    HPOS="143"
                    VPOS="111"
                    WIDTH="1475"
                    HEIGHT="198"
                    WC="0.9623262484868368"></String>
          </TextLine>

          
          
          <TextLine ID="eSc_line_a055d7cc"
                    TAGREFS="LT11324"
                    BASELINE="152 354 456 336 760 298 1682 250" 
                    HPOS="146"
                    VPOS="186"
                    WIDTH="1536"
                    HEIGHT="190">
            <Shape><Polygon POINTS="152 376 602 365 605 365 608 365 634 346 650 336 706 341 789 352 792 352 794 352 797 352 818 333 829 325 861 330 885 336 888 336 946 325 1008 314 1032 320 1064 328 1066 328 1069 328 1072 328 1128 314 1149 309 1173 309 1258 317 1261 317 1264 317 1317 301 1336 296 1405 296 1418 296 1448 312 1450 312 1453 312 1456 312 1458 312 1517 288 1522 285 1525 285 1557 298 1560 298 1562 298 1682 274 1682 250 1669 186 1589 213 1568 200 1565 200 1562 200 1560 200 1557 200 1517 216 1418 205 1370 200 1368 200 1365 200 1338 210 1296 226 1240 218 1186 210 1184 210 1061 221 1058 221 1056 221 1056 224 1045 232 1034 248 888 253 872 245 848 232 845 232 842 232 778 234 776 234 685 258 677 261 674 261 658 248 656 248 653 248 650 248 648 248 610 264 592 274 501 277 496 274 480 261 480 258 477 258 474 258 472 258 469 258 466 258 466 261 464 261 453 277 448 282 354 285 352 285 309 266 306 266 304 266 301 266 237 293 234 296 146 298 152 354"/></Shape>
	    <String CONTENT="aeris incumbit, altitudinem Mercurii supra su"
                    HPOS="146"
                    VPOS="186"
                    WIDTH="1536"
                    HEIGHT="190"
                    WC="0.9693081378936768"></String>
          </TextLine>

          
          
          <TextLine ID="eSc_line_eb93d3ef"
                    TAGREFS="LT11324"
                    BASELINE="136 440 1029 360 1634 333" 
                    HPOS="133"
                    VPOS="274"
                    WIDTH="1501"
                    HEIGHT="211">
            <Shape><Polygon POINTS="136 440 138 485 248 464 290 474 293 474 296 474 298 474 301 474 352 442 442 464 453 464 456 464 458 464 461 464 464 461 488 448 608 448 632 448 634 448 637 448 640 448 642 445 674 426 738 434 741 434 744 434 746 434 778 410 872 424 874 424 877 424 925 400 962 410 965 410 968 410 970 410 973 410 1000 394 1208 394 1208 392 1210 392 1213 392 1237 376 1277 392 1298 400 1301 400 1304 400 1306 400 1309 400 1328 386 1336 384 1357 384 1424 389 1426 389 1429 389 1432 389 1432 386 1442 378 1456 362 1482 373 1512 384 1514 384 1517 384 1634 360 1634 333 1626 274 1341 304 1328 298 1296 285 1293 285 1290 285 1288 285 1248 304 1208 290 1205 290 1202 290 1021 304 1018 304 1016 304 981 325 741 325 738 325 736 325 733 325 698 352 690 352 642 344 640 344 530 365 525 365 496 352 493 352 490 352 488 352 418 373 357 354 354 354 352 354 349 354 346 354 325 373 285 365 282 365 280 365 277 365 277 368 274 368 264 384 160 376 157 376 154 376 152 376 152 378 144 381 133 426"/></Shape>
	    <String CONTENT="vasis in quo stagnat horizontem assurgentis esse"
                    HPOS="133"
                    VPOS="274"
                    WIDTH="1501"
                    HEIGHT="211"
                    WC="0.9873505172630151"></String>
          </TextLine>

          
          
          <TextLine ID="eSc_line_0fa79f37_b"
                    TAGREFS="LT11324"
                    BASELINE="157 517 826 458 1565 418 1936 411" 
                    HPOS="152"
                    VPOS="349"
                    WIDTH="1789"
                    HEIGHT="189">
            <Shape><Polygon POINTS="1904 349 1901 349 1898 349 1544 373 1458 362 1456 362 1338 373 1336 373 1269 405 1082 413 960 418 949 418 786 400 784 400 781 400 701 429 152 448 157 517 157 538 602 522 605 522 645 504 680 520 682 520 685 520 882 514 885 514 890 512 973 480 1093 506 1104 506 1106 506 1109 506 1117 504 1224 469 1784 466 1922 451 1941 398 1933 357"/></Shape>
	    <String CONTENT="minorem et inter ascensum ascensum continue deciescete, ita"
                    HPOS="152"
                    VPOS="349"
                    WIDTH="1789"
                    HEIGHT="189"
                    WC="0.9622567902177067"></String>
          </TextLine>

          
          
          <TextLine ID="eSc_line_34ae0913"
                    TAGREFS="LT11324"
                    BASELINE="136 592 1645 501" 
                    HPOS="133"
                    VPOS="440"
                    WIDTH="1512"
                    HEIGHT="186">
            <Shape><Polygon POINTS="136 592 136 626 314 626 314 624 317 624 320 624 338 610 362 594 442 592 461 602 472 610 482 610 493 610 541 597 552 594 557 597 576 605 578 605 581 605 584 605 586 605 602 592 616 584 632 592 664 602 666 602 669 602 672 602 725 584 744 578 789 581 928 586 930 586 933 586 978 568 986 562 992 565 1000 573 1002 573 1005 573 1008 573 1098 560 1157 549 1165 554 1184 568 1186 568 1189 568 1192 568 1336 544 1357 560 1360 560 1362 560 1365 560 1461 554 1464 554 1466 554 1485 538 1554 549 1557 549 1560 549 1645 520 1645 501 1637 464 1602 464 1600 464 1568 440 1565 440 1562 440 1560 440 1557 440 1498 458 1394 453 1392 453 1389 453 1336 480 1333 480 1330 480 1250 458 1248 458 1245 458 1200 461 1197 461 1194 461 1154 490 1152 493 986 498 938 477 936 477 933 477 930 477 834 509 826 512 736 514 730 514 672 493 669 493 666 493 506 514 504 514 501 514 488 528 482 530 469 528 360 512 357 512 354 512 245 541 221 549 136 549 133 552"/></Shape>
	    <String CONTENT="cresceret inter descensendum.. Idem Pascalius"
                    HPOS="133"
                    VPOS="440"
                    WIDTH="1512"
                    HEIGHT="186"
                    WC="0.9863129642274645"></String>
          </TextLine>

          
          
          <TextLine ID="eSc_line_3697c9c4"
                    TAGREFS="LT11324"
                    BASELINE="437 618 509 613" 
                    HPOS="432"
                    VPOS="573"
                    WIDTH="77"
                    HEIGHT="88">
            <Shape><Polygon POINTS="437 618 440 661 456 658 509 645 509 613 504 581 453 573 432 573"/></Shape>
	    <String CONTENT="quae"
                    HPOS="432"
                    VPOS="573"
                    WIDTH="77"
                    HEIGHT="88"
                    WC="0.9937329143285751"></String>
          </TextLine>

          
          
          <TextLine ID="eSc_line_821bd194"
                    TAGREFS="LT11324"
                    BASELINE="168 688 1258 597 1696 576" 
                    HPOS="162"
                    VPOS="496"
                    WIDTH="1536"
                    HEIGHT="234">
            <Shape><Polygon POINTS="1613 504 1573 530 1493 517 1490 517 1488 517 1424 546 1349 528 1341 525 1338 525 1336 525 1333 525 1317 530 1216 560 1152 546 1120 538 1117 538 1016 546 1013 546 986 560 946 584 880 570 832 562 829 562 826 562 824 562 800 578 786 586 776 581 749 568 746 568 744 568 741 568 677 589 624 610 269 637 250 632 216 616 213 616 210 616 208 616 162 634 168 688 168 709 304 730 306 730 309 730 378 706 405 714 408 714 410 714 413 714 416 714 437 696 448 688 485 693 610 706 613 706 616 706 618 706 618 704 621 704 637 682 645 674 882 653 952 661 954 661 957 661 960 661 981 648 1005 661 1024 672 1026 672 1029 672 1032 672 1034 672 1050 658 1061 650 1074 658 1085 664 1088 664 1090 664 1093 664 1117 656 1192 629 1264 648 1288 653 1290 653 1293 653 1296 653 1312 645 1354 621 1381 640 1386 645 1389 645 1392 645 1394 645 1432 637 1565 608 1592 629 1594 629 1597 629 1600 629 1698 621 1696 576 1688 496 1629 498 1626 498 1624 498 1624 504"/></Shape>
	    <String CONTENT="ex pila seminiflata in fando, inflac ipsa sese"
                    HPOS="162"
                    VPOS="496"
                    WIDTH="1536"
                    HEIGHT="234"
                    WC="0.9754079917202825"></String>
          </TextLine>

          
          
          <TextLine ID="eSc_line_4c0e94fb"
                    TAGREFS="LT11324"
                    BASELINE="144 781 784 714 1725 653" 
                    HPOS="136"
                    VPOS="586"
                    WIDTH="1589"
                    HEIGHT="251">
            <Shape><Polygon POINTS="146 837 264 826 266 826 269 826 322 792 469 808 490 810 493 810 605 800 608 800 610 800 616 794 672 762 770 781 800 786 802 786 1008 770 1010 770 1013 770 1029 757 1053 738 1144 725 1221 741 1258 746 1261 746 1264 746 1266 746 1282 736 1301 720 1421 701 1554 696 1570 709 1581 717 1581 720 1584 720 1586 720 1589 720 1592 720 1594 720 1613 704 1632 693 1722 693 1725 653 1717 586 1528 605 1525 605 1477 632 1344 637 1328 624 1325 624 1322 624 1320 624 1317 624 1314 624 1314 626 1312 626 1298 642 1210 634 1208 634 1205 634 1202 634 1202 637 1200 637 1192 648 1165 640 1162 640 1160 640 965 669 914 650 901 648 898 648 896 648 893 648 877 656 832 677 757 664 728 661 725 661 506 685 504 685 501 685 474 706 413 693 384 688 381 688 378 688 354 698 304 722 213 728 189 712 181 704 178 704 176 704 173 704 170 704 136 714 144 781"/></Shape>
	    <String CONTENT="fproportione ascensus in montem conjecit"
                    HPOS="136"
                    VPOS="586"
                    WIDTH="1589"
                    HEIGHT="251"
                    WC="0.9778916746377945"></String>
          </TextLine>

          
          
          <TextLine ID="eSc_line_d6e364b4"
                    TAGREFS="LT11324"
                    BASELINE="138 853 1402 757 1754 738" 
                    HPOS="133"
                    VPOS="688"
                    WIDTH="1621"
                    HEIGHT="213">
            <Shape><Polygon POINTS="138 882 245 901 248 901 250 901 317 872 322 869 336 869 458 885 461 885 464 885 589 853 608 848 621 850 669 864 672 864 674 864 792 840 954 848 957 848 960 848 1029 821 1048 816 1072 818 1144 829 1146 829 1149 829 1152 829 1176 813 1186 802 1360 792 1381 797 1426 813 1429 813 1432 813 1754 770 1754 738 1749 698 1650 690 1648 690 1645 690 1605 709 1581 688 1578 688 1576 688 1573 688 1570 688 1469 720 1466 720 1464 720 1288 709 1285 709 1282 709 1216 738 1213 741 1178 741 1176 741 1152 720 1149 720 1146 720 1144 720 970 746 933 736 930 736 928 736 925 736 856 765 853 765 845 765 714 752 712 752 709 752 610 781 602 784 589 784 493 778 490 778 488 778 426 794 410 781 408 781 405 781 402 781 314 800 298 786 296 786 293 786 290 786 288 786 245 808 240 813 133 816 138 853"/></Shape>
	    <String CONTENT="aerem nostrum at eo incumbente ita co inferiorem"
                    HPOS="133"
                    VPOS="688"
                    WIDTH="1621"
                    HEIGHT="213"
                    WC="0.9874960407614708"></String>
          </TextLine>

          
          
          <TextLine ID="eSc_line_6c3207b4"
                    TAGREFS="LT11324"
                    BASELINE="138 930 1034 864 1640 832" 
                    HPOS="133"
                    VPOS="770"
                    WIDTH="1507"
                    HEIGHT="208">
            <Shape><Polygon POINTS="144 968 194 954 224 962 285 978 288 978 290 978 450 965 453 965 541 938 578 928 600 933 634 944 637 944 640 944 642 944 645 944 645 941 648 941 658 928 685 952 688 952 690 952 693 952 802 930 888 938 890 938 893 938 994 904 1008 898 1018 901 1048 912 1050 912 1053 912 1152 890 1170 888 1173 890 1210 914 1213 914 1216 914 1218 914 1282 912 1285 912 1288 912 1314 890 1357 906 1360 906 1362 906 1365 906 1368 906 1408 877 1520 864 1578 882 1581 882 1584 882 1586 882 1640 853 1640 832 1629 770 1544 794 1405 789 1402 789 1194 818 1149 808 1136 805 1133 805 1130 805 1128 805 1112 810 1069 826 981 821 920 818 917 818 826 826 824 826 821 826 813 834 797 845 712 842 605 840 602 840 517 858 488 864 456 864 330 858 328 858 133 888 138 930"/></Shape>
	    <String CONTENT="incumbentis superioris pondere compressum, si"
                    HPOS="133"
                    VPOS="770"
                    WIDTH="1507"
                    HEIGHT="208"
                    WC="0.98277880748113"></String>
          </TextLine>

          
          
          <TextLine ID="eSc_line_30ce8657"
                    TAGREFS="LT11324"
                    BASELINE="134 1034 1000 949 1784 906" 
                    HPOS="132"
                    VPOS="838"
                    WIDTH="1652"
                    HEIGHT="234">
            <Shape><Polygon POINTS="1602 845 1600 845 1597 845 1586 853 1554 874 1424 882 1376 872 1346 866 1344 866 1341 866 1338 866 1338 869 1330 877 1314 893 1253 896 1218 888 1194 880 1192 880 1189 880 1117 896 1050 912 1029 904 1000 893 997 893 994 893 992 893 957 912 936 922 645 944 624 941 544 928 541 928 338 962 272 949 269 949 266 949 194 973 176 957 173 957 170 957 168 957 165 957 162 957 132 976 135 1059 135 1061 197 1072 200 1072 202 1072 240 1056 261 1069 264 1069 266 1069 269 1069 272 1069 274 1069 309 1048 320 1042 328 1048 360 1061 362 1061 365 1061 368 1061 370 1061 370 1058 389 1042 397 1037 434 1040 576 1048 578 1048 792 1029 794 1029 882 1005 917 994 936 1000 981 1016 984 1016 986 1016 989 1016 1040 992 1058 984 1162 984 1248 984 1248 981 1285 973 1330 962 1346 968 1384 984 1386 984 1389 984 1557 970 1560 970 1608 949 1629 938 1653 944 1674 949 1677 949 1680 949 1784 933 1784 906 1781 886 1776 878 1746 838"/></Shape>
	    <String CONTENT="altius evehatur, ac proinde prematur minus explicare"
                    HPOS="132"
                    VPOS="838"
                    WIDTH="1652"
                    HEIGHT="234"
                    WC="0.9737636504264978"></String>
          </TextLine>

          
          
          <TextLine ID="eSc_line_48b41af7"
                    TAGREFS="LT11324"
                    BASELINE="165 1120 450 1082 1093 1034 1808 1008" 
                    HPOS="160"
                    VPOS="928"
                    WIDTH="1648"
                    HEIGHT="232">
            <Shape><Polygon POINTS="165 1160 298 1154 301 1154 384 1112 474 1104 554 1128 557 1128 560 1128 562 1128 610 1104 738 1106 741 1106 744 1106 789 1085 872 1085 906 1114 906 1117 909 1117 912 1117 914 1117 965 1114 968 1114 970 1114 1096 1066 1194 1066 1210 1080 1210 1082 1213 1082 1216 1082 1218 1082 1378 1048 1490 1045 1514 1061 1517 1061 1520 1061 1522 1061 1525 1061 1528 1061 1528 1058 1549 1040 1589 1040 1629 1072 1632 1072 1634 1072 1637 1072 1808 1061 1808 1008 1797 928 1578 941 1576 941 1573 941 1570 944 1528 973 1386 960 1352 957 1349 957 1346 957 1330 962 1298 978 1277 968 1264 962 1261 962 1258 962 1256 962 1224 973 1154 994 1112 981 1096 976 1093 976 1090 976 1088 976 1069 984 1045 997 946 994 858 992 856 992 853 992 850 992 837 1002 821 1018 661 1018 474 1018 472 1018 469 1018 424 1037 410 1042 160 1056 165 1120"/></Shape>
	    <String CONTENT="sese. His ita stabilitis credidit vio doctissimus"
                    HPOS="160"
                    VPOS="928"
                    WIDTH="1648"
                    HEIGHT="232"
                    WC="0.959366114772096"></String>
          </TextLine>

          
          
          <TextLine ID="eSc_line_5d8ea493"
                    TAGREFS="LT11324"
                    BASELINE="149 1205 786 1152 1677 1096 1805 1069" 
                    HPOS="144"
                    VPOS="1018"
                    WIDTH="1661"
                    HEIGHT="251">
            <Shape><Polygon POINTS="152 1269 261 1250 314 1256 338 1258 341 1258 344 1258 346 1258 346 1256 352 1253 370 1232 389 1248 392 1248 394 1248 397 1248 400 1248 402 1248 402 1245 432 1216 469 1232 472 1232 474 1232 477 1232 525 1213 560 1218 562 1218 565 1218 568 1218 600 1194 664 1210 666 1210 669 1210 672 1210 674 1210 706 1189 792 1186 845 1202 850 1205 853 1205 856 1205 858 1205 866 1202 912 1176 1005 1184 1008 1184 1010 1184 1053 1168 1093 1176 1096 1176 1098 1176 1101 1176 1101 1173 1122 1157 1173 1157 1189 1170 1213 1189 1216 1189 1218 1189 1221 1189 1485 1176 1488 1176 1490 1176 1490 1173 1536 1136 1544 1128 1573 1130 1680 1144 1682 1144 1685 1144 1688 1144 1722 1117 1728 1112 1793 1107 1805 1093 1805 1069 1792 1018 1730 1048 1610 1053 1584 1034 1581 1032 1578 1032 1576 1032 1573 1032 1570 1032 1549 1040 1501 1053 1490 1042 1482 1037 1480 1037 1477 1037 1474 1037 1328 1048 1325 1048 1322 1048 1312 1058 1288 1077 1250 1064 1226 1056 1224 1056 1221 1056 1218 1056 1216 1056 1200 1066 1170 1085 1136 1072 1122 1069 1120 1069 1117 1069 1114 1069 1112 1069 1112 1072 1106 1074 1088 1090 1024 1082 1018 1082 1016 1082 1013 1082 1010 1082 989 1101 858 1106 842 1098 824 1085 821 1085 818 1085 816 1085 768 1088 765 1088 674 1112 621 1125 600 1117 565 1104 562 1104 560 1104 557 1104 554 1104 530 1120 365 1117 362 1117 360 1117 357 1117 325 1141 317 1146 144 1154 149 1205"/></Shape>
	    <String CONTENT="posse se tuto concludere caeteros effectus fugae vacui"
                    HPOS="144"
                    VPOS="1018"
                    WIDTH="1661"
                    HEIGHT="251"
                    WC="0.9778677004354971"></String>
          </TextLine>

          
          
          <TextLine ID="eSc_line_f26153f9"
                    TAGREFS="LT11324"
                    BASELINE="1504 1200 1773 1198" 
                    HPOS="1501"
                    VPOS="1106"
                    WIDTH="280"
                    HEIGHT="144">
            <Shape><Polygon POINTS="1733 1152 1722 1144 1669 1112 1666 1112 1664 1112 1602 1106 1538 1106 1536 1106 1533 1106 1530 1106 1501 1122 1504 1200 1504 1250 1634 1242 1637 1242 1640 1242 1640 1240 1653 1229 1677 1242 1680 1242 1682 1242 1685 1242 1688 1242 1725 1224 1781 1229 1761 1152"/></Shape>
	    <String CONTENT="Eodem"
                    HPOS="1501"
                    VPOS="1106"
                    WIDTH="280"
                    HEIGHT="144"
                    WC="0.9999242663383484"></String>
          </TextLine>

          
          
          <TextLine ID="eSc_line_38195c7f"
                    TAGREFS="LT11324"
                    BASELINE="157 1293 1013 1226 1352 1210" 
                    HPOS="152"
                    VPOS="1168"
                    WIDTH="1200"
                    HEIGHT="178">
            <Shape><Polygon POINTS="160 1346 322 1341 325 1341 328 1341 328 1338 333 1333 352 1312 448 1301 490 1320 512 1328 514 1328 517 1328 618 1320 621 1320 664 1301 690 1290 741 1296 842 1304 845 1304 848 1304 893 1280 922 1264 1098 1253 1114 1258 1168 1280 1170 1280 1173 1280 1352 1234 1352 1210 1344 1168 802 1192 701 1216 693 1216 690 1216 624 1205 621 1205 618 1205 568 1224 488 1216 485 1216 482 1216 434 1234 352 1226 349 1226 346 1226 344 1226 344 1229 328 1242 328 1245 152 1256 157 1293"/></Shape>
	    <String CONTENT="a scriptos a solo aeris pondere pendere."
                    HPOS="152"
                    VPOS="1168"
                    WIDTH="1200"
                    HEIGHT="178"
                    WC="0.9898869127035141"></String>
          </TextLine>

          
          
          <TextLine ID="eSc_line_c8af2374"
                    TAGREFS="LT11324"
                    BASELINE="149 1381 322 1368" 
                    HPOS="144"
                    VPOS="1325"
                    WIDTH="178"
                    HEIGHT="83">
            <Shape><Polygon POINTS="149 1408 322 1397 322 1368 314 1325 144 1333 149 1381"/></Shape>
	    <String CONTENT="tem"
                    HPOS="144"
                    VPOS="1325"
                    WIDTH="178"
                    HEIGHT="83"
                    WC="0.9992684721946716"></String>
          </TextLine>

          
          
          <TextLine ID="eSc_line_2cd08b24"
                    TAGREFS="LT11324"
                    BASELINE="410 1381 1517 1320 1752 1314" 
                    HPOS="405"
                    VPOS="1248"
                    WIDTH="1347"
                    HEIGHT="173">
            <Shape><Polygon POINTS="410 1421 626 1402 704 1410 752 1416 754 1416 757 1416 773 1408 810 1386 893 1402 901 1402 904 1402 906 1402 909 1402 957 1378 989 1397 994 1402 997 1402 1000 1402 1002 1402 1005 1402 1018 1397 1066 1373 1229 1381 1232 1381 1352 1357 1426 1368 1429 1368 1512 1354 1528 1368 1528 1370 1530 1370 1533 1370 1536 1370 1538 1370 1573 1357 1749 1360 1752 1314 1746 1261 1642 1248 1640 1248 1514 1256 1512 1256 1509 1256 1482 1272 1346 1264 1344 1264 1341 1264 1338 1264 1309 1282 1304 1285 1296 1282 1264 1272 1261 1272 1258 1272 1256 1272 1221 1285 1194 1296 1093 1293 965 1288 962 1288 960 1288 957 1288 957 1290 946 1298 938 1309 768 1309 714 1309 712 1309 680 1312 584 1328 570 1317 562 1312 562 1309 560 1309 557 1309 509 1309 506 1309 504 1309 501 1309 501 1312 490 1322 480 1333 405 1328 410 1381"/></Shape>
	    <String CONTENT="Eodem tempore in Termania b Gerickius"
                    HPOS="405"
                    VPOS="1248"
                    WIDTH="1347"
                    HEIGHT="173"
                    WC="0.9774718461809931"></String>
          </TextLine>

          
          
          <TextLine ID="eSc_line_a9d0157b"
                    TAGREFS="LT11324"
                    BASELINE="133 1493 1720 1389" 
                    HPOS="130"
                    VPOS="1333"
                    WIDTH="1590"
                    HEIGHT="197">
            <Shape><Polygon POINTS="272 1517 309 1520 381 1530 384 1530 386 1530 434 1512 477 1493 581 1488 640 1496 725 1509 728 1509 730 1509 733 1509 733 1506 757 1488 760 1482 797 1474 810 1482 818 1490 821 1490 824 1490 826 1490 829 1490 850 1480 869 1469 885 1477 920 1496 922 1496 925 1496 989 1493 1133 1458 1157 1453 1168 1456 1229 1477 1232 1477 1234 1477 1237 1477 1352 1448 1373 1464 1373 1466 1376 1466 1378 1466 1381 1466 1557 1456 1560 1456 1562 1456 1592 1429 1632 1442 1634 1442 1637 1442 1640 1442 1720 1413 1720 1389 1712 1349 1674 1352 1672 1349 1658 1338 1658 1336 1656 1336 1653 1336 1650 1336 1648 1336 1613 1354 1610 1354 1578 1333 1576 1333 1573 1333 1570 1333 1568 1333 1509 1360 1504 1362 1501 1360 1477 1338 1474 1338 1472 1338 1469 1338 1466 1338 1365 1368 1344 1373 1314 1370 1186 1357 1184 1357 1181 1357 1090 1384 1061 1394 944 1400 933 1392 914 1378 912 1378 909 1378 906 1378 904 1378 901 1378 872 1397 856 1405 824 1400 768 1389 765 1389 762 1389 760 1389 736 1405 733 1405 698 1389 696 1389 693 1389 576 1397 573 1397 570 1397 546 1416 528 1429 413 1434 394 1424 376 1410 373 1410 370 1410 368 1410 365 1410 328 1429 312 1434 301 1429 272 1418 269 1418 266 1418 264 1418 261 1418 261 1421 248 1432 242 1437 232 1434 197 1424 194 1424 192 1424 189 1424 186 1424 170 1437 152 1450 130 1440 133 1493 133 1530"/></Shape>
	    <String CONTENT="vir  in philosophia Experimentali versatissimus"
                    HPOS="130"
                    VPOS="1333"
                    WIDTH="1590"
                    HEIGHT="197"
                    WC="0.9748942649110834"></String>
          </TextLine>

          
          
          <TextLine ID="eSc_line_9dd3b13f"
                    TAGREFS="LT11324"
                    BASELINE="133 1584 1117 1514 1720 1488" 
                    HPOS="128"
                    VPOS="1432"
                    WIDTH="1592"
                    HEIGHT="200">
            <Shape><Polygon POINTS="138 1626 168 1613 189 1624 205 1632 208 1632 210 1632 328 1624 330 1624 333 1624 344 1613 360 1602 394 1610 426 1618 429 1618 432 1618 434 1618 437 1618 453 1608 474 1592 509 1605 514 1605 517 1605 520 1605 522 1605 533 1602 600 1584 698 1592 762 1597 765 1597 768 1597 802 1586 856 1568 901 1578 928 1586 930 1586 933 1586 1024 1573 1117 1557 1194 1562 1269 1565 1272 1565 1322 1554 1373 1541 1402 1549 1426 1554 1429 1554 1432 1554 1434 1554 1437 1554 1437 1552 1445 1546 1461 1530 1650 1517 1717 1528 1720 1488 1714 1442 1565 1432 1562 1432 1560 1432 1512 1453 1509 1453 1504 1453 1416 1442 1413 1442 1288 1466 1282 1466 1277 1466 1218 1453 1216 1453 1213 1453 1136 1474 1125 1477 1117 1477 1066 1466 1064 1466 1061 1466 1016 1482 1008 1485 1002 1482 986 1474 984 1474 981 1474 978 1474 976 1474 965 1485 960 1490 629 1509 597 1506 512 1498 509 1498 128 1533 133 1584"/></Shape>
	    <String CONTENT="suis ipse ex iisdem principiis experimenta produxit plane"
                    HPOS="128"
                    VPOS="1432"
                    WIDTH="1592"
                    HEIGHT="200"
                    WC="0.9771691257493538"></String>
          </TextLine>

          
          
          <TextLine ID="eSc_line_0a43ff8a"
                    TAGREFS="LT11324"
                    BASELINE="154 1669 1205 1592 1730 1578" 
                    HPOS="149"
                    VPOS="1522"
                    WIDTH="1581"
                    HEIGHT="174">
            <Shape><Polygon POINTS="154 1696 442 1688 501 1680 613 1661 640 1672 664 1680 666 1680 669 1680 672 1680 674 1680 690 1669 709 1656 738 1666 752 1669 754 1669 757 1669 880 1656 946 1650 965 1650 1026 1658 1029 1658 1032 1658 1056 1645 1074 1637 1136 1642 1184 1645 1186 1645 1189 1645 1192 1645 1202 1637 1210 1632 1218 1637 1234 1645 1237 1645 1240 1645 1242 1645 1245 1645 1261 1634 1288 1618 1338 1629 1362 1634 1365 1634 1730 1605 1730 1578 1722 1530 1525 1541 1490 1522 1488 1522 1485 1522 1482 1522 1381 1549 1346 1533 1344 1533 1341 1533 1338 1533 1280 1557 1274 1557 1266 1557 1154 1544 1152 1544 1066 1552 1064 1552 1061 1552 1029 1570 1026 1573 1021 1573 960 1557 957 1557 954 1557 952 1557 901 1578 896 1581 890 1581 840 1565 837 1565 834 1565 832 1565 784 1586 778 1589 773 1586 746 1573 744 1573 741 1573 738 1573 698 1592 690 1594 680 1592 610 1578 608 1578 605 1578 538 1602 528 1605 520 1602 493 1589 490 1589 488 1589 485 1589 432 1608 410 1592 408 1592 405 1592 402 1592 400 1592 397 1592 365 1613 357 1616 336 1613 240 1602 237 1602 234 1602 149 1624 154 1669"/></Shape>
	    <String CONTENT="admiranda. Construxit enim, Barometri genus novum"
                    HPOS="149"
                    VPOS="1522"
                    WIDTH="1581"
                    HEIGHT="174"
                    WC="0.9675063685495027"></String>
          </TextLine>

          
          
          <TextLine ID="eSc_line_3aa15695"
                    TAGREFS="LT11324"
                    BASELINE="168 1749 880 1685 1826 1640" 
                    HPOS="162"
                    VPOS="1578"
                    WIDTH="1664"
                    HEIGHT="198">
            <Shape><Polygon POINTS="168 1762 245 1776 248 1776 357 1754 381 1749 456 1749 610 1749 610 1746 669 1736 720 1728 746 1733 802 1741 805 1741 1000 1717 1058 1712 1077 1714 1120 1720 1122 1720 1125 1720 1128 1720 1141 1709 1152 1704 1181 1709 1224 1714 1226 1714 1229 1714 1253 1704 1280 1693 1320 1701 1352 1706 1354 1706 1357 1706 1384 1698 1421 1682 1826 1672 1826 1640 1813 1578 1730 1602 1669 1589 1653 1586 1650 1586 1648 1586 1640 1592 1600 1613 1485 1618 1456 1605 1450 1602 1448 1602 1445 1602 1442 1602 1432 1608 1384 1624 1314 1616 1272 1610 1269 1610 1266 1610 1232 1621 1184 1640 1101 1640 1085 1632 1064 1624 1061 1624 1058 1624 842 1650 717 1666 682 1664 597 1653 594 1653 592 1653 528 1674 512 1680 504 1677 474 1661 472 1661 469 1661 357 1688 341 1690 328 1690 226 1677 224 1677 221 1677 218 1677 218 1680 200 1698 200 1701 162 1701 168 1749"/></Shape>
	    <String CONTENT="plane quod solo aere pondus in eo natans nunc elevante"
                    HPOS="162"
                    VPOS="1578"
                    WIDTH="1664"
                    HEIGHT="198"
                    WC="0.9894367401246671"></String>
          </TextLine>

          
          
          <TextLine ID="eSc_line_b1950790"
                    TAGREFS="LT11324"
                    BASELINE="154 1816 1197 1749 1794 1722" 
                    HPOS="149"
                    VPOS="1656"
                    WIDTH="1645"
                    HEIGHT="205">
            <Shape><Polygon POINTS="160 1861 186 1840 290 1834 330 1850 341 1856 344 1856 346 1856 349 1856 370 1848 432 1829 474 1842 482 1845 485 1845 488 1845 490 1845 493 1845 496 1842 520 1821 573 1818 624 1834 637 1840 640 1840 642 1840 645 1840 669 1832 717 1818 757 1829 773 1832 776 1832 778 1832 781 1832 784 1832 792 1826 818 1810 858 1824 872 1826 874 1826 877 1826 880 1826 890 1821 936 1794 1013 1792 1082 1810 1096 1813 1098 1813 1101 1813 1130 1808 1282 1776 1400 1794 1416 1794 1418 1794 1440 1792 1546 1768 1581 1778 1584 1778 1586 1778 1589 1778 1592 1778 1618 1757 1669 1776 1672 1776 1674 1776 1794 1770 1794 1722 1789 1672 1765 1656 1762 1656 1760 1656 1757 1656 1672 1658 1402 1674 1400 1674 1354 1696 1317 1680 1314 1680 1312 1680 1309 1680 1306 1680 1274 1701 1189 1688 1186 1688 1184 1688 1130 1712 1050 1696 1048 1696 1045 1696 1042 1696 1042 1698 1024 1720 1010 1720 952 1725 866 1728 864 1728 834 1709 832 1709 829 1709 826 1709 824 1709 821 1709 792 1728 730 1720 728 1720 626 1741 624 1741 552 1725 549 1725 546 1725 544 1725 520 1746 453 1752 410 1754 405 1754 344 1738 341 1738 338 1738 336 1738 288 1762 285 1762 149 1768 154 1816"/></Shape>
	    <String CONTENT="nunc deprimente peragitur. deprehendit videnter"
                    HPOS="149"
                    VPOS="1656"
                    WIDTH="1645"
                    HEIGHT="205"
                    WC="0.9320941516693603"></String>
          </TextLine>

          
          
          <TextLine ID="eSc_line_b1916b95"
                    TAGREFS="LT11324"
                    BASELINE="154 1909 562 1877 1837 1810" 
                    HPOS="149"
                    VPOS="1760"
                    WIDTH="1689"
                    HEIGHT="208">
            <Shape><Polygon POINTS="157 1968 226 1965 229 1965 232 1965 264 1938 333 1949 336 1949 338 1949 341 1949 341 1946 365 1925 392 1938 394 1938 397 1938 496 1920 530 1944 533 1944 536 1944 538 1946 586 1946 605 1946 605 1944 610 1944 792 1901 842 1901 893 1925 896 1928 898 1928 901 1928 904 1928 909 1925 978 1893 1080 1906 1082 1906 1085 1906 1160 1882 1181 1901 1184 1901 1186 1901 1189 1901 1192 1901 1288 1874 1317 1898 1317 1901 1320 1901 1322 1901 1370 1904 1373 1904 1424 1901 1426 1901 1429 1901 1440 1893 1477 1861 1618 1858 1664 1880 1680 1885 1682 1885 1685 1885 1820 1868 1838 1829 1837 1810 1829 1765 1757 1773 1746 1768 1736 1760 1733 1760 1730 1760 1728 1760 1725 1760 1701 1770 1685 1778 1677 1770 1666 1762 1666 1760 1664 1760 1661 1760 1605 1760 1602 1760 1600 1760 1597 1760 1573 1776 1560 1786 1381 1786 1314 1786 1312 1786 1309 1786 1301 1789 1258 1802 1194 1794 1133 1786 1130 1786 1058 1800 970 1818 946 1805 928 1797 925 1797 922 1797 920 1797 917 1797 906 1808 890 1821 821 1821 805 1813 794 1805 792 1805 789 1805 786 1805 784 1805 765 1813 736 1832 664 1834 506 1826 434 1824 432 1824 429 1824 426 1824 426 1826 418 1832 400 1848 333 1834 312 1832 309 1832 306 1832 304 1832 298 1837 274 1856 253 1840 248 1834 245 1834 242 1834 240 1834 149 1842 154 1909"/></Shape>
	    <String CONTENT="(quod Canutus et Cartesius in soeria suspicati fuerant,"
                    HPOS="149"
                    VPOS="1760"
                    WIDTH="1689"
                    HEIGHT="208"
                    WC="0.9895435365763577"></String>
          </TextLine>

          
          
          <TextLine ID="eSc_line_9e8ba1b7"
                    TAGREFS="LT11324"
                    BASELINE="162 2000 1304 1922 1733 1904" 
                    HPOS="160"
                    VPOS="1856"
                    WIDTH="1573"
                    HEIGHT="184">
            <Shape><Polygon POINTS="368 2040 370 2040 373 2040 450 2016 493 2005 504 2013 509 2018 512 2018 514 2018 517 2018 520 2018 541 2010 578 2000 616 2005 656 2013 658 2013 733 2000 797 1986 818 1994 853 2005 856 2005 858 2005 941 2002 1037 1978 1045 1978 1050 1978 1109 1989 1112 1989 1114 1989 1149 1973 1173 1960 1301 1954 1333 1960 1397 1973 1400 1973 1402 1973 1490 1949 1506 1946 1517 1949 1546 1957 1549 1957 1552 1957 1554 1957 1584 1944 1597 1938 1605 1944 1642 1957 1645 1957 1648 1957 1650 1957 1733 1933 1733 1904 1728 1858 1565 1856 1562 1856 1397 1874 1304 1885 1282 1880 1237 1869 1234 1869 1232 1869 1229 1869 1178 1885 1165 1890 1141 1888 1064 1880 1061 1880 1058 1880 1029 1893 1016 1901 1005 1896 984 1885 981 1885 978 1885 976 1885 933 1898 898 1912 880 1901 861 1893 858 1893 856 1893 781 1906 690 1925 528 1922 448 1920 445 1920 442 1920 426 1928 386 1944 341 1933 338 1933 336 1933 333 1933 330 1933 312 1946 293 1933 288 1930 285 1930 282 1930 280 1930 277 1930 261 1936 197 1957 160 1941 162 2000 162 2034"/></Shape>
	    <String CONTENT="etsi pascalio non satis placuerit) aeris gravitatem,"
                    HPOS="160"
                    VPOS="1856"
                    WIDTH="1573"
                    HEIGHT="184"
                    WC="0.9918335160383811"></String>
          </TextLine>

          
          
          <TextLine ID="eSc_line_ce46ff38"
                    TAGREFS="LT11324"
                    BASELINE="130 2088 957 2026 1658 1994" 
                    HPOS="125"
                    VPOS="1933"
                    WIDTH="1533"
                    HEIGHT="192">
            <Shape><Polygon POINTS="130 2114 160 2125 162 2125 165 2125 168 2125 221 2106 226 2106 229 2106 253 2122 256 2122 258 2122 261 2122 360 2101 373 2098 378 2098 405 2112 408 2112 410 2112 501 2093 509 2093 517 2093 600 2101 602 2101 605 2101 632 2088 648 2080 674 2085 717 2093 720 2093 722 2093 752 2080 776 2072 837 2077 880 2080 882 2080 933 2072 1034 2056 1245 2056 1325 2056 1328 2056 1330 2056 1341 2050 1376 2034 1434 2048 1445 2048 1448 2048 1658 2034 1658 1994 1650 1946 1512 1952 1482 1933 1480 1933 1477 1933 1474 1933 1472 1933 1413 1960 1408 1962 1405 1960 1360 1941 1357 1941 1354 1941 1352 1941 1282 1968 1261 1949 1258 1949 1256 1949 1253 1949 1160 1952 1157 1952 1154 1952 1112 1981 1109 1981 1080 1968 1077 1968 1074 1968 1072 1968 1010 1984 944 1976 941 1976 938 1976 936 1976 936 1978 933 1978 925 1989 898 1976 896 1976 893 1976 696 1981 693 1981 637 2005 608 1986 605 1986 602 1986 600 1986 469 1994 466 1994 464 1994 429 2021 416 2010 413 2010 410 2010 408 2010 405 2010 402 2010 378 2026 376 2029 125 2042 130 2088"/></Shape>
	    <String CONTENT="non tantum umiditate ejus  condensatione,"
                    HPOS="125"
                    VPOS="1933"
                    WIDTH="1533"
                    HEIGHT="192"
                    WC="0.9809619784355164"></String>
          </TextLine>

          
          
          <TextLine ID="eSc_line_72be21e7"
                    TAGREFS="LT11324"
                    BASELINE="160 2168 1122 2093 1698 2064" 
                    HPOS="154"
                    VPOS="2018"
                    WIDTH="1544"
                    HEIGHT="187">
            <Shape><Polygon POINTS="269 2205 272 2205 274 2205 320 2189 330 2186 333 2189 344 2197 346 2197 349 2197 352 2197 408 2184 464 2170 482 2178 496 2186 498 2186 501 2186 504 2186 528 2176 549 2168 578 2173 616 2178 618 2178 621 2178 624 2178 637 2168 656 2157 690 2165 717 2170 720 2170 784 2160 824 2152 842 2154 877 2162 880 2162 968 2146 1066 2128 1080 2138 1085 2144 1088 2144 1090 2144 1093 2144 1197 2138 1200 2138 1202 2138 1202 2136 1210 2130 1218 2122 1232 2128 1253 2136 1256 2136 1258 2136 1261 2136 1293 2125 1336 2109 1378 2120 1408 2125 1410 2125 1413 2125 1416 2125 1429 2114 1450 2101 1496 2112 1506 2112 1509 2112 1512 2112 1520 2109 1562 2096 1698 2096 1698 2064 1693 2021 1501 2018 1498 2018 1496 2018 1493 2018 1480 2032 1474 2034 1466 2032 1434 2026 1432 2026 1365 2040 1325 2045 1288 2042 1186 2034 1184 2034 1181 2034 1154 2048 1090 2042 1088 2042 1085 2042 1082 2042 1082 2045 1069 2056 1056 2045 1053 2045 1050 2045 1048 2045 952 2050 949 2050 946 2050 933 2064 922 2072 904 2064 893 2061 890 2061 888 2061 885 2061 869 2066 837 2080 752 2074 688 2069 685 2069 682 2069 648 2080 610 2090 592 2082 576 2077 573 2077 570 2077 568 2077 544 2085 496 2106 269 2120 154 2109 160 2168 160 2200"/></Shape>
	    <String CONTENT="sed et a ventis variari. Ventos enim aerem motum"
                    HPOS="154"
                    VPOS="2018"
                    WIDTH="1544"
                    HEIGHT="187"
                    WC="0.9970336531599363"></String>
          </TextLine>

          
          
          <TextLine ID="eSc_line_7c9a27b7"
                    TAGREFS="LT11324"
                    BASELINE="144 2258 829 2186 1520 2146 1818 2141" 
                    HPOS="138"
                    VPOS="2064"
                    WIDTH="1680"
                    HEIGHT="229">
            <Shape><Polygon POINTS="1754 2064 1720 2088 1658 2072 1656 2072 1653 2072 1650 2072 1581 2098 1581 2101 1477 2106 1450 2090 1448 2090 1445 2090 1442 2090 1440 2090 1370 2112 1306 2098 1304 2098 1162 2130 1160 2130 1058 2117 1056 2117 858 2152 706 2144 704 2144 701 2144 640 2168 568 2154 565 2154 562 2154 560 2154 525 2178 464 2162 461 2162 458 2162 456 2162 344 2194 138 2208 144 2258 144 2277 178 2293 181 2293 184 2293 186 2293 272 2269 290 2264 301 2266 354 2280 357 2280 360 2280 362 2280 365 2280 389 2261 394 2256 408 2258 458 2272 461 2272 464 2272 466 2272 509 2250 512 2250 514 2250 557 2264 560 2264 562 2264 565 2264 621 2242 640 2237 712 2237 813 2237 816 2237 818 2237 837 2229 853 2221 917 2221 989 2224 992 2224 1045 2213 1096 2202 1120 2208 1160 2218 1162 2218 1165 2218 1376 2202 1378 2202 1413 2186 1434 2178 1450 2184 1469 2192 1472 2192 1474 2192 1477 2192 1498 2181 1509 2176 1544 2178 1618 2184 1621 2184 1816 2157 1818 2141 1814 2107 1756 2067 1756 2064"/></Shape>
	    <String CONTENT="ita vent Aerem enim ventorum motu velut sustentari"
                    HPOS="138"
                    VPOS="2064"
                    WIDTH="1680"
                    HEIGHT="229"
                    WC="0.9762941539287567"></String>
          </TextLine>

          
          
          <TextLine ID="eSc_line_2b16db2c"
                    TAGREFS="LT11324"
                    BASELINE="138 2314 1248 2240 1725 2221" 
                    HPOS="133"
                    VPOS="2160"
                    WIDTH="1592"
                    HEIGHT="200">
            <Shape><Polygon POINTS="138 2354 176 2360 178 2360 181 2360 200 2352 234 2336 258 2346 269 2352 272 2352 274 2352 437 2344 568 2325 733 2301 789 2309 810 2312 813 2312 858 2304 928 2293 944 2298 968 2309 970 2309 973 2309 976 2309 1008 2293 1034 2280 1122 2277 1144 2285 1173 2296 1176 2296 1178 2296 1181 2296 1221 2280 1229 2277 1248 2277 1365 2285 1368 2285 1472 2261 1509 2253 1520 2258 1549 2272 1552 2272 1554 2272 1621 2269 1725 2242 1725 2221 1717 2160 1477 2170 1474 2170 1466 2173 1434 2192 1386 2184 1384 2184 1266 2202 1026 2202 989 2202 986 2202 965 2205 837 2229 738 2218 720 2218 717 2218 714 2218 706 2221 664 2240 637 2229 634 2229 632 2229 546 2248 496 2234 493 2234 490 2234 488 2234 485 2234 482 2234 456 2256 290 2264 133 2258 138 2314"/></Shape>
	    <String CONTENT="ut minus ponderet, quemad modum in aqua agitata corpora"
                    HPOS="133"
                    VPOS="2160"
                    WIDTH="1592"
                    HEIGHT="200"
                    WC="0.9790271780707619"></String>
          </TextLine>

          
          
          <TextLine ID="eSc_line_9a69f321"
                    TAGREFS="LT11324"
                    BASELINE="160 2394 720 2344 1712 2293" 
                    HPOS="154"
                    VPOS="2237"
                    WIDTH="1558"
                    HEIGHT="195">
            <Shape><Polygon POINTS="162 2429 224 2416 237 2426 242 2432 245 2432 248 2432 250 2432 373 2424 376 2424 394 2416 432 2400 453 2413 456 2416 458 2416 461 2416 464 2416 549 2413 552 2413 554 2413 565 2405 602 2384 648 2392 650 2392 653 2392 688 2378 720 2397 728 2400 730 2400 733 2400 736 2400 738 2400 744 2394 760 2386 813 2392 858 2394 861 2394 864 2394 890 2386 968 2362 1064 2370 1066 2370 1069 2370 1072 2370 1072 2368 1088 2352 1349 2338 1440 2338 1458 2352 1464 2357 1466 2357 1469 2357 1472 2357 1570 2352 1573 2352 1576 2352 1576 2349 1581 2344 1597 2328 1712 2336 1712 2293 1704 2237 1605 2256 1549 2245 1522 2242 1520 2242 1517 2242 1488 2250 1429 2266 1328 2261 1264 2258 1261 2258 1258 2258 1232 2266 1197 2280 1160 2272 1125 2266 1122 2266 1072 2277 1029 2288 944 2288 818 2285 816 2285 813 2285 810 2285 800 2296 792 2301 776 2298 730 2290 728 2290 725 2290 696 2304 677 2312 669 2306 658 2296 656 2296 653 2296 650 2296 648 2296 616 2309 594 2317 552 2312 512 2309 509 2309 154 2338 160 2394"/></Shape>
	    <String CONTENT="in quiescente subsidentia, natant. Idem constru primus"
                    HPOS="154"
                    VPOS="2237"
                    WIDTH="1558"
                    HEIGHT="195"
                    WC="0.9839396112494998"></String>
          </TextLine>

          
          
          <TextLine ID="eSc_line_63c61422"
                    TAGREFS="LT11324"
                    BASELINE="152 2466 1034 2402 1786 2373" 
                    HPOS="146"
                    VPOS="2317"
                    WIDTH="1640"
                    HEIGHT="189">
            <Shape><Polygon POINTS="154 2506 472 2488 474 2488 520 2466 634 2477 637 2477 746 2469 749 2469 752 2469 752 2466 768 2453 997 2453 1000 2453 1160 2429 1288 2440 1290 2440 1392 2416 1408 2429 1408 2432 1410 2432 1413 2432 1416 2432 1418 2432 1480 2410 1784 2410 1786 2373 1781 2330 1709 2317 1706 2317 1704 2317 1701 2317 1682 2333 1520 2330 1517 2330 1514 2330 1512 2330 1493 2344 1490 2344 1432 2328 1429 2328 1426 2328 1341 2333 1338 2333 1293 2354 1285 2360 1146 2362 1144 2362 1112 2346 1109 2346 1106 2346 1104 2346 1101 2346 1074 2365 1066 2365 970 2354 968 2354 866 2376 824 2384 800 2378 768 2370 765 2370 762 2370 706 2384 672 2392 648 2386 608 2376 605 2376 602 2376 600 2376 549 2392 512 2402 488 2394 477 2392 474 2392 472 2392 442 2397 373 2410 338 2402 317 2397 314 2397 312 2397 309 2397 306 2397 298 2405 280 2416 146 2413 152 2466"/></Shape>
	    <String CONTENT="invenit exeogitavit Machinam illam admirabilem"
                    HPOS="146"
                    VPOS="2317"
                    WIDTH="1640"
                    HEIGHT="189"
                    WC="0.9774848779906398"></String>
          </TextLine>

          
          
          <TextLine ID="eSc_line_45598b7d"
                    TAGREFS="LT11324"
                    BASELINE="152 2538 1682 2453" 
                    HPOS="149"
                    VPOS="2397"
                    WIDTH="1533"
                    HEIGHT="189">
            <Shape><Polygon POINTS="152 2565 232 2586 234 2586 440 2557 482 2573 485 2573 488 2573 490 2573 493 2573 525 2549 536 2544 573 2549 637 2557 640 2557 642 2557 696 2544 736 2533 746 2541 768 2557 770 2557 773 2557 776 2557 845 2552 848 2552 850 2552 850 2549 864 2536 874 2525 912 2533 962 2546 965 2546 968 2546 970 2546 994 2530 1016 2517 1085 2528 1112 2530 1114 2530 1117 2530 1128 2525 1162 2506 1234 2506 1256 2520 1258 2522 1261 2522 1264 2522 1266 2522 1269 2522 1272 2522 1274 2520 1293 2504 1445 2493 1501 2509 1517 2514 1520 2514 1522 2514 1682 2501 1682 2453 1677 2413 1578 2397 1576 2397 1378 2426 1341 2410 1338 2410 1336 2410 1210 2418 1208 2418 1149 2442 1144 2445 914 2453 813 2440 810 2440 808 2440 714 2466 706 2466 680 2466 480 2466 477 2466 373 2485 365 2485 341 2466 338 2466 336 2466 333 2466 149 2496 152 2538"/></Shape>
	    <String CONTENT="ab Illustorbus viris Qoylio primum deinde et Hugenio"
                    HPOS="149"
                    VPOS="2397"
                    WIDTH="1533"
                    HEIGHT="189"
                    WC="0.9900070474697993"></String>
          </TextLine>

          
          
          <TextLine ID="eSc_line_c844e58b"
                    TAGREFS="LT11324"
                    BASELINE="138 2616 842 2568 1680 2530" 
                    HPOS="133"
                    VPOS="2482"
                    WIDTH="1547"
                    HEIGHT="184">
            <Shape><Polygon POINTS="141 2666 288 2637 349 2650 357 2653 360 2653 362 2653 365 2653 373 2650 437 2616 536 2613 573 2634 581 2640 584 2640 586 2640 589 2640 592 2640 594 2640 594 2637 600 2632 613 2618 680 2610 720 2624 722 2624 725 2624 728 2624 730 2624 741 2621 829 2597 888 2610 941 2621 944 2621 946 2621 1013 2600 1037 2594 1072 2597 1216 2608 1218 2608 1317 2592 1320 2592 1322 2592 1322 2589 1325 2589 1333 2576 1336 2576 1424 2592 1426 2592 1429 2592 1480 2565 1482 2562 1485 2565 1514 2589 1517 2589 1520 2589 1522 2589 1610 2586 1613 2586 1680 2549 1680 2530 1672 2482 1328 2509 1240 2504 1202 2501 1200 2501 1197 2501 1184 2506 1141 2520 1082 2512 1064 2509 1061 2509 1058 2509 1048 2512 1002 2528 888 2520 861 2520 858 2520 856 2520 853 2520 850 2522 834 2536 794 2525 792 2525 789 2525 786 2525 784 2525 778 2525 736 2541 674 2530 664 2530 661 2530 642 2533 549 2552 437 2544 426 2544 424 2544 421 2544 418 2544 418 2546 416 2546 405 2562 218 2570 133 2560 138 2616"/></Shape>
	    <String CONTENT="promotam qua aer Recipiente quodam  vase,"
                    HPOS="133"
                    VPOS="2482"
                    WIDTH="1547"
                    HEIGHT="184"
                    WC="0.9774664727652945"></String>
          </TextLine>

          
          
          <TextLine ID="eSc_line_224f4f41"
                    TAGREFS="LT11324"
                    BASELINE="117 2701 752 2648 1749 2600" 
                    HPOS="115"
                    VPOS="2538"
                    WIDTH="1634"
                    HEIGHT="203">
            <Shape><Polygon POINTS="122 2733 136 2720 154 2733 173 2741 176 2741 178 2741 181 2741 218 2728 269 2709 354 2717 378 2720 381 2720 384 2720 386 2720 389 2714 410 2701 485 2709 493 2709 496 2709 512 2706 618 2688 640 2698 656 2706 658 2706 661 2706 664 2706 666 2706 682 2696 688 2693 696 2696 749 2709 752 2709 754 2709 757 2709 816 2688 848 2674 877 2682 933 2698 936 2698 938 2698 1066 2677 1149 2685 1152 2685 1154 2685 1221 2658 1224 2658 1229 2658 1333 2674 1336 2674 1394 2672 1397 2672 1400 2672 1432 2650 1621 2658 1624 2658 1626 2658 1688 2626 1693 2624 1749 2621 1749 2600 1741 2538 1205 2589 1104 2584 1026 2578 1024 2578 1021 2578 978 2592 946 2602 925 2597 896 2586 893 2586 890 2586 888 2586 858 2600 837 2610 773 2608 664 2600 661 2600 658 2600 626 2618 613 2624 594 2618 541 2608 538 2608 536 2608 533 2608 533 2610 530 2610 520 2624 514 2632 477 2632 461 2629 400 2616 397 2616 282 2640 256 2624 253 2624 250 2624 248 2624 245 2624 242 2624 242 2626 218 2648 119 2653 115 2679 117 2701"/></Shape>
	    <String CONTENT="quod ideoRecipiens Magdeburgicum appellari solet)"
                    HPOS="115"
                    VPOS="2538"
                    WIDTH="1634"
                    HEIGHT="203"
                    WC="0.9672188965641723"></String>
          </TextLine>

          
          
          <TextLine ID="eSc_line_2b1fe1c4"
                    TAGREFS="LT11324"
                    BASELINE="120 2778 400 2749 1178 2704 1842 2688" 
                    HPOS="114"
                    VPOS="2626"
                    WIDTH="1728"
                    HEIGHT="187">
            <Shape><Polygon POINTS="120 2800 146 2813 149 2813 152 2813 554 2797 557 2797 589 2781 610 2768 794 2762 813 2770 818 2776 821 2776 824 2776 826 2776 829 2776 832 2776 832 2773 834 2770 850 2757 898 2768 946 2778 949 2778 1013 2765 1093 2746 1410 2746 1410 2744 1413 2744 1450 2728 1488 2746 1498 2752 1501 2752 1504 2752 1597 2746 1600 2746 1608 2744 1642 2725 1706 2738 1720 2741 1722 2741 1725 2741 1728 2741 1730 2738 1762 2720 1840 2733 1842 2688 1834 2626 1722 2650 1645 2637 1626 2634 1624 2634 1621 2634 1608 2640 1557 2658 1520 2645 1509 2640 1506 2640 1504 2640 1501 2640 1485 2645 1448 2664 1354 2653 1309 2650 1306 2650 1304 2650 1282 2658 1256 2669 1226 2661 1200 2656 1197 2656 1194 2656 957 2677 770 2696 741 2690 677 2680 674 2680 672 2680 629 2698 616 2704 578 2701 456 2690 453 2690 349 2714 336 2717 325 2717 234 2704 232 2704 114 2728 120 2778"/></Shape>
	    <String CONTENT="penitus exhauritur Jingulari invento penitus exhauritur"
                    HPOS="114"
                    VPOS="2626"
                    WIDTH="1728"
                    HEIGHT="187"
                    WC="0.9831922563639555"></String>
          </TextLine>

          
          
          <TextLine ID="eSc_line_340821f9"
                    TAGREFS="LT11324"
                    BASELINE="112 2842 1221 2778 1666 2765" 
                    HPOS="106"
                    VPOS="2709"
                    WIDTH="1560"
                    HEIGHT="181">
            <Shape><Polygon POINTS="112 2877 152 2890 154 2890 157 2890 160 2890 189 2874 213 2861 296 2869 336 2872 338 2872 370 2864 434 2850 501 2858 584 2869 586 2869 589 2869 592 2869 613 2853 634 2837 757 2832 776 2845 792 2858 794 2858 797 2858 800 2858 856 2856 858 2856 893 2840 912 2829 928 2837 949 2848 952 2848 954 2848 957 2848 960 2848 976 2834 994 2821 1040 2832 1088 2842 1090 2842 1250 2821 1261 2821 1264 2821 1288 2832 1290 2832 1293 2832 1296 2832 1298 2832 1320 2818 1352 2800 1397 2813 1413 2818 1416 2818 1418 2818 1456 2810 1554 2789 1578 2805 1589 2813 1592 2813 1594 2813 1597 2813 1666 2800 1666 2765 1656 2709 1589 2725 1506 2717 1477 2714 1474 2714 1424 2722 1293 2741 1229 2733 1194 2728 1192 2728 1149 2736 1093 2749 1040 2744 1000 2738 997 2738 994 2738 976 2746 944 2760 866 2752 818 2749 816 2749 813 2749 810 2749 810 2752 802 2757 789 2768 741 2760 701 2754 698 2754 696 2754 666 2765 632 2776 597 2768 570 2762 568 2762 565 2762 538 2770 498 2784 426 2778 368 2773 365 2773 362 2773 360 2773 360 2776 352 2781 341 2792 325 2784 306 2776 304 2776 301 2776 298 2776 274 2786 250 2797 226 2789 208 2784 205 2784 202 2784 106 2794 112 2842"/></Shape>
	    <String CONTENT="H Eadem ante duo cprea Hemisphaeria cupiea ita"
                    HPOS="106"
                    VPOS="2709"
                    WIDTH="1560"
                    HEIGHT="181"
                    WC="0.9579175023928933"></String>
          </TextLine>

          
          
          <TextLine ID="eSc_line_59412455"
                    TAGREFS="LT11324"
                    BASELINE="141 2922 1234 2850 1624 2840" 
                    HPOS="136"
                    VPOS="2773"
                    WIDTH="1488"
                    HEIGHT="181">
            <Shape><Polygon POINTS="141 2952 394 2954 397 2954 400 2954 402 2954 432 2933 445 2925 474 2930 525 2941 528 2941 530 2941 533 2941 533 2938 549 2925 557 2920 584 2922 650 2933 653 2933 656 2933 658 2933 658 2930 661 2930 669 2917 674 2912 712 2912 725 2914 786 2930 789 2930 792 2930 896 2906 914 2922 917 2922 920 2922 922 2922 925 2922 973 2898 981 2893 1000 2896 1093 2912 1096 2912 1098 2912 1170 2885 1184 2877 1261 2877 1264 2877 1306 2898 1309 2898 1312 2898 1314 2898 1365 2872 1370 2869 1381 2869 1482 2888 1485 2888 1488 2888 1490 2888 1490 2885 1493 2885 1504 2872 1560 2882 1562 2882 1565 2882 1624 2853 1624 2840 1618 2792 1525 2773 1522 2773 1520 2773 1517 2773 1480 2797 1477 2800 1472 2800 1410 2784 1408 2784 1405 2784 1402 2784 1400 2784 1400 2786 1381 2805 1221 2816 1202 2813 1114 2800 1112 2800 1109 2800 1106 2800 1106 2802 1085 2821 1080 2826 765 2842 741 2840 658 2826 656 2826 653 2826 600 2848 584 2853 573 2848 533 2834 530 2834 528 2834 354 2845 352 2845 312 2864 290 2874 136 2874 141 2922"/></Shape>
	    <String CONTENT="composuit, ut  24 et amplius equis divelli"
                    HPOS="136"
                    VPOS="2773"
                    WIDTH="1488"
                    HEIGHT="181"
                    WC="0.9683463587647393"></String>
          </TextLine>

          
          
          <TextLine ID="eSc_line_74189205"
                    TAGREFS="LT11324"
                    BASELINE="152 2992 1330 2917 1584 2912 1776 2922" 
                    HPOS="146"
                    VPOS="2842"
                    WIDTH="1630"
                    HEIGHT="203">
            <Shape><Polygon POINTS="1605 2842 1509 2874 1464 2861 1461 2861 1458 2861 1456 2861 1392 2880 1357 2861 1354 2861 1352 2861 1349 2861 1296 2885 1200 2866 1197 2866 1061 2896 1021 2877 1018 2877 1016 2877 810 2914 762 2893 760 2893 757 2893 696 2896 693 2896 690 2896 661 2917 616 2901 613 2901 610 2901 608 2901 528 2922 474 2909 472 2909 469 2909 466 2909 354 2944 146 2954 152 2992 154 3045 360 3032 362 3032 472 2997 557 3021 560 3021 562 3021 565 3021 629 2992 674 3002 677 3002 680 3002 792 2978 909 2989 912 2989 914 2989 917 2989 930 2978 954 2997 957 2997 960 2997 962 2997 965 2997 968 2997 1016 2965 1056 2992 1058 2992 1061 2992 1064 2992 1082 2992 1152 2984 1154 2984 1157 2984 1205 2954 1349 2960 1352 2960 1440 2941 1488 2960 1490 2960 1493 2960 1496 2960 1536 2938 1621 2957 1624 2957 1773 2949 1776 2922 1770 2861 1650 2866 1648 2866 1616 2842 1613 2842 1610 2842 1608 2842"/></Shape>
	    <String CONTENT="non possint, etsi nullo vinculo sensibili contineantur"
                    HPOS="146"
                    VPOS="2842"
                    WIDTH="1630"
                    HEIGHT="203"
                    WC="0.9961326464458748"></String>
          </TextLine>

          
          
          <TextLine ID="eSc_line_85e02233"
                    TAGREFS="LT11324"
                    BASELINE="141 3061 373 3056 1290 2992 1725 2978" 
                    HPOS="138"
                    VPOS="2920"
                    WIDTH="1587"
                    HEIGHT="189">
            <Shape><Polygon POINTS="141 3090 272 3109 274 3109 277 3109 357 3080 362 3077 368 3077 416 3090 418 3090 421 3090 653 3066 709 3082 712 3082 714 3082 717 3082 720 3082 762 3053 770 3053 885 3072 888 3072 890 3072 1000 3045 1061 3056 1064 3056 1066 3056 1149 3029 1157 3029 1162 3029 1218 3045 1221 3045 1224 3045 1226 3045 1272 3024 1418 3016 1482 3034 1485 3034 1488 3034 1594 3029 1597 3029 1725 2994 1725 2978 1717 2936 1629 2941 1626 2938 1605 2922 1605 2920 1602 2920 1600 2920 1597 2920 1594 2920 1592 2920 1562 2944 1557 2946 1498 2949 1493 2946 1464 2925 1461 2925 1458 2925 1456 2925 1453 2925 1400 2952 1381 2938 1378 2938 1376 2938 1373 2938 1370 2938 1344 2952 1192 2941 1189 2941 1186 2941 1144 2965 1133 2970 1104 2968 1010 2952 1008 2952 1005 2952 1002 2952 968 2973 965 2976 962 2973 941 2957 938 2957 936 2957 933 2957 930 2957 880 2976 866 2962 864 2962 861 2962 858 2962 770 2968 768 2968 765 2968 746 2986 736 2994 720 2986 693 2973 690 2973 688 2973 594 2981 592 2981 589 2981 589 2984 576 2994 562 3008 138 3016 141 3061"/></Shape>
	    <String CONTENT="admisso aere dilabantur sponte. Eadem ratione tum"
                    HPOS="138"
                    VPOS="2920"
                    WIDTH="1587"
                    HEIGHT="189"
                    WC="0.9937962403102797"></String>
          </TextLine>

          
          
          <TextLine ID="eSc_line_933cad28"
                    TAGREFS="LT11324"
                    BASELINE="128 3146 1258 3072 1720 3053" 
                    HPOS="125"
                    VPOS="3008"
                    WIDTH="1595"
                    HEIGHT="176">
            <Shape><Polygon POINTS="128 3173 280 3178 282 3178 285 3178 322 3165 349 3184 352 3184 354 3184 357 3184 440 3165 466 3178 469 3178 472 3178 474 3178 573 3154 613 3144 669 3149 736 3154 738 3154 741 3154 744 3154 757 3144 776 3133 800 3144 834 3154 837 3154 840 3154 1029 3144 1112 3138 1114 3138 1117 3138 1136 3128 1165 3109 1229 3122 1237 3122 1240 3122 1250 3122 1370 3096 1608 3098 1610 3098 1613 3098 1656 3080 1714 3098 1720 3053 1712 3008 1522 3024 1506 3021 1461 3008 1458 3008 1456 3008 1266 3018 1194 3024 1192 3024 1189 3024 1162 3042 1160 3045 1154 3042 1117 3029 1114 3029 1112 3029 1109 3029 1106 3029 1080 3048 1072 3053 1021 3053 864 3053 861 3053 858 3053 810 3066 794 3069 784 3066 730 3053 728 3053 725 3053 722 3053 720 3053 690 3074 685 3077 488 3088 480 3088 413 3072 410 3072 408 3072 349 3096 346 3098 125 3109 128 3146"/></Shape>
	    <String CONTENT="novum sclopeti venta nei genus, quod scilicet aere non"
                    HPOS="125"
                    VPOS="3008"
                    WIDTH="1595"
                    HEIGHT="176"
                    WC="0.9778622134968087"></String>
          </TextLine>

          
          
          <TextLine ID="eSc_line_5b419280"
                    TAGREFS="LT11324"
                    BASELINE="141 3218 1640 3130" 
                    HPOS="136"
                    VPOS="3077"
                    WIDTH="1504"
                    HEIGHT="192">
            <Shape><Polygon POINTS="144 3269 338 3242 450 3250 456 3250 458 3250 461 3250 464 3250 512 3224 586 3242 592 3242 594 3242 706 3234 709 3234 712 3234 712 3232 728 3218 794 3226 797 3226 800 3226 802 3226 829 3210 938 3221 957 3221 960 3221 984 3218 1144 3184 1277 3178 1333 3194 1336 3194 1338 3194 1341 3194 1421 3170 1578 3176 1581 3176 1584 3176 1586 3176 1586 3173 1589 3173 1597 3162 1637 3176 1640 3130 1632 3077 1474 3085 1472 3085 1469 3085 1408 3106 1253 3098 1240 3098 1237 3098 1234 3098 1232 3098 1213 3112 1152 3104 1138 3104 1136 3104 1133 3104 1128 3106 1090 3125 1074 3112 1072 3112 1069 3112 1066 3112 1064 3112 1061 3112 1042 3128 973 3114 968 3114 965 3114 962 3114 960 3114 906 3138 754 3144 730 3130 728 3130 725 3130 722 3130 720 3130 680 3149 573 3138 565 3138 562 3138 560 3138 557 3138 498 3160 437 3146 434 3146 432 3146 429 3146 426 3146 360 3168 341 3154 338 3154 336 3154 333 3154 330 3154 328 3154 328 3157 314 3168 304 3157 301 3157 298 3157 296 3157 293 3157 224 3173 136 3165 141 3218"/></Shape>
	    <String CONTENT="exeunte sed irrumpente animatur; tum rationem"
                    HPOS="136"
                    VPOS="3077"
                    WIDTH="1504"
                    HEIGHT="192"
                    WC="0.9760534564654032"></String>
          </TextLine>

          
          
          <TextLine ID="eSc_line_420e38e9"
                    TAGREFS="LT11324"
                    BASELINE="114 3296 1720 3202" 
                    HPOS="113"
                    VPOS="3154"
                    WIDTH="1607"
                    HEIGHT="184">
            <Shape><Polygon POINTS="114 3322 157 3338 160 3338 162 3338 165 3338 168 3338 194 3322 344 3333 346 3333 464 3325 466 3325 528 3298 530 3298 536 3298 610 3314 613 3314 616 3314 661 3298 848 3304 850 3304 1040 3272 1077 3288 1080 3288 1082 3288 1264 3280 1397 3269 1400 3269 1402 3269 1402 3266 1424 3248 1424 3245 1493 3242 1546 3242 1562 3256 1565 3256 1568 3256 1570 3256 1573 3256 1576 3256 1576 3253 1592 3237 1720 3229 1720 3202 1712 3165 1589 3170 1586 3170 1528 3154 1525 3154 1522 3154 1520 3154 1517 3154 1517 3157 1514 3157 1501 3176 1437 3160 1434 3160 1432 3160 1301 3181 1266 3170 1264 3170 1261 3170 1258 3170 1208 3192 1200 3194 1186 3192 1114 3178 1112 3178 1109 3178 1061 3200 1053 3202 1042 3200 997 3192 994 3192 896 3208 880 3210 877 3210 842 3194 840 3194 837 3194 714 3202 712 3202 709 3202 709 3205 706 3205 696 3218 693 3224 664 3221 562 3210 560 3210 458 3232 421 3242 118 3250 113 3289 114 3296"/></Shape>
	    <String CONTENT="ingentia pondera so elevandi exhibuit. "
                    HPOS="113"
                    VPOS="3154"
                    WIDTH="1607"
                    HEIGHT="184"
                    WC="0.9901286592850318"></String>
          </TextLine>

          
          
          <TextLine ID="eSc_line_1628e662"
                    TAGREFS="LT11324"
                    BASELINE="112 3368 1637 3285" 
                    HPOS="108"
                    VPOS="3245"
                    WIDTH="1529"
                    HEIGHT="168">
            <Shape><Polygon POINTS="112 3382 117 3396 157 3413 160 3413 162 3413 165 3413 221 3397 357 3402 360 3402 362 3402 445 3378 458 3376 469 3378 517 3386 520 3386 592 3370 613 3368 618 3370 648 3386 650 3386 653 3386 784 3362 805 3360 824 3360 946 3370 949 3370 952 3370 1010 3352 1018 3349 1018 3352 1029 3360 1032 3360 1034 3360 1037 3360 1040 3360 1042 3360 1042 3357 1045 3357 1050 3349 1056 3344 1072 3349 1109 3357 1112 3357 1114 3357 1117 3357 1165 3344 1197 3336 1237 3341 1272 3344 1274 3344 1314 3336 1360 3328 1368 3333 1376 3341 1376 3344 1378 3344 1381 3344 1384 3344 1386 3344 1418 3330 1445 3322 1637 3322 1637 3285 1629 3245 110 3320 108 3336 112 3368"/></Shape>
	    <String CONTENT="t ex libroOpere de spatio vacuo ab autore"
                    HPOS="108"
                    VPOS="3245"
                    WIDTH="1529"
                    HEIGHT="168"
                    WC="0.9549182071918394"></String>
          </TextLine>

          
          
          <TextLine ID="eSc_line_9a1c3a6b"
                    TAGREFS="LT11324"
                    BASELINE="137 3448 2130 3336 2816 3322" 
                    HPOS="118"
                    VPOS="3264"
                    WIDTH="2700"
                    HEIGHT="240">
            <Shape><Polygon POINTS="2768 3272 2741 3272 2714 3272 2688 3269 2661 3269 2634 3269 2629 3269 2624 3272 2568 3269 2514 3267 2511 3267 2487 3266 2474 3266 2448 3266 2421 3264 2394 3264 2368 3264 2346 3264 2282 3285 2264 3290 2234 3288 2143 3280 2139 3281 2130 3281 2074 3296 2058 3301 2053 3298 2032 3288 2029 3288 2026 3288 1917 3304 1826 3288 1824 3288 1469 3306 1298 3317 1296 3317 1234 3344 1229 3346 1173 3346 880 3352 877 3352 874 3352 856 3362 853 3365 837 3365 736 3354 733 3354 730 3354 669 3373 661 3376 656 3373 618 3357 616 3357 613 3357 536 3360 397 3389 386 3392 202 3400 197 3400 178 3386 176 3386 173 3386 170 3386 168 3386 118 3399 148 3476 146 3493 186 3488 240 3496 288 3504 290 3504 293 3504 314 3493 352 3472 416 3472 522 3482 589 3490 592 3490 594 3490 621 3480 682 3450 874 3442 914 3458 917 3458 920 3458 922 3458 997 3437 1200 3450 1202 3450 1205 3450 1274 3421 1416 3421 1456 3440 1469 3440 1490 3440 1538 3421 1666 3421 1669 3421 1672 3421 1673 3421 1674 3421 1706 3400 1792 3408 1794 3408 1885 3389 1957 3400 1960 3400 2045 3386 2112 3410 2114 3411 2144 3414 2194 3408 2378 3384 2461 3397 2477 3397 2480 3397 2818 3378 2816 3322 2810 3272 2794 3272"/></Shape>
	    <String CONTENT="novissime publicato, amplius apparebit.) Hm Machina uo Recipientis Magdeburgici"
                    HPOS="118"
                    VPOS="3264"
                    WIDTH="2700"
                    HEIGHT="240"
                    WC="0.9150318654277657"></String>
          </TextLine>

          
          
          <TextLine ID="eSc_line_778ee819"
                    TAGREFS="LT11324"
                    BASELINE="149 3528 1592 3437" 
                    HPOS="146"
                    VPOS="3392"
                    WIDTH="1446"
                    HEIGHT="189">
            <Shape><Polygon POINTS="152 3581 269 3573 272 3573 274 3573 296 3554 317 3565 320 3565 322 3565 325 3565 365 3546 477 3557 504 3557 506 3557 509 3557 528 3552 618 3522 674 3538 696 3546 698 3546 701 3546 704 3546 754 3533 794 3522 805 3528 810 3533 813 3533 816 3533 818 3533 821 3533 837 3525 877 3506 1112 3493 1130 3501 1162 3517 1165 3517 1168 3517 1170 3517 1261 3490 1306 3480 1368 3482 1418 3485 1421 3485 1424 3485 1440 3477 1450 3472 1458 3474 1504 3493 1506 3493 1509 3493 1512 3493 1592 3464 1592 3437 1584 3405 1466 3408 1440 3392 1437 3392 1434 3392 1432 3392 1429 3392 1426 3392 1389 3416 1333 3416 1296 3397 1293 3397 1290 3397 1288 3397 1210 3426 1205 3426 1200 3426 1106 3416 1104 3416 1018 3429 1000 3416 997 3416 994 3416 992 3416 989 3416 941 3442 938 3442 933 3442 826 3426 824 3426 754 3432 752 3432 749 3432 749 3434 746 3434 730 3453 728 3458 504 3469 498 3469 448 3450 445 3450 442 3450 386 3456 384 3456 381 3456 354 3477 349 3480 328 3477 240 3469 237 3469 147 3488 146 3492 149 3528"/></Shape>
	    <String CONTENT="experimentarum par jam olim rogatu autoris a"
                    HPOS="146"
                    VPOS="3392"
                    WIDTH="1446"
                    HEIGHT="189"
                    WC="0.9875672256404703"></String>
          </TextLine>

          
          
          <TextLine ID="eSc_line_4e5b5401"
                    TAGREFS="LT11324"
                    BASELINE="152 3602 626 3584 1408 3517 1608 3509" 
                    HPOS="146"
                    VPOS="3450"
                    WIDTH="1462"
                    HEIGHT="203">
            <Shape><Polygon POINTS="154 3650 208 3653 210 3653 213 3653 216 3653 216 3650 221 3645 234 3632 264 3642 282 3648 285 3648 288 3648 408 3640 410 3640 413 3640 424 3629 437 3621 461 3626 480 3629 482 3629 485 3629 498 3624 530 3610 573 3618 616 3624 618 3624 1013 3597 1016 3597 1018 3597 1045 3578 1050 3576 1064 3578 1112 3586 1114 3586 1328 3557 1389 3549 1418 3549 1546 3554 1549 3554 1552 3554 1608 3533 1608 3509 1600 3450 1514 3469 1386 3466 1312 3464 1309 3464 1306 3464 1272 3474 1194 3496 1101 3488 1048 3482 1045 3482 896 3493 893 3493 866 3504 832 3520 805 3509 792 3504 789 3504 786 3504 784 3504 781 3504 770 3512 746 3528 693 3520 690 3520 688 3520 642 3533 626 3522 624 3520 621 3520 618 3520 616 3520 613 3520 610 3520 605 3525 584 3541 146 3557 152 3602"/></Shape>
	    <String CONTENT="D. Gaspare schotto S. 1. publicata, ab Illustribus"
                    HPOS="146"
                    VPOS="3450"
                    WIDTH="1462"
                    HEIGHT="203"
                    WC="0.9570090687274933"></String>
          </TextLine>

          
          
          <TextLine ID="eSc_line_9b3b4a17"
                    TAGREFS="LT11324"
                    BASELINE="149 3688 832 3648 1426 3597 1648 3589" 
                    HPOS="146"
                    VPOS="3533"
                    WIDTH="1502"
                    HEIGHT="205">
            <Shape><Polygon POINTS="208 3717 229 3728 248 3738 250 3738 253 3738 461 3725 464 3725 498 3709 520 3698 541 3706 576 3717 578 3717 581 3717 584 3717 640 3698 680 3685 717 3693 736 3696 738 3696 741 3696 757 3690 789 3677 920 3677 952 3677 954 3677 957 3677 960 3677 962 3674 973 3664 986 3672 1005 3685 1008 3685 1010 3685 1013 3685 1016 3685 1090 3666 1109 3661 1120 3664 1162 3677 1165 3677 1168 3677 1170 3677 1213 3656 1226 3650 1250 3653 1282 3658 1285 3658 1288 3658 1306 3650 1328 3640 1360 3645 1424 3658 1426 3658 1429 3658 1432 3658 1432 3656 1434 3656 1448 3640 1453 3632 1469 3637 1514 3653 1517 3653 1520 3653 1648 3624 1648 3589 1640 3552 1560 3554 1517 3533 1514 3533 1512 3533 1509 3533 1506 3533 1488 3549 1328 3549 1325 3549 1322 3549 1280 3570 1264 3576 1216 3573 1085 3562 1082 3562 1080 3562 1077 3562 1077 3565 1061 3581 1056 3584 1050 3581 1029 3568 1026 3568 1024 3568 1021 3568 1018 3568 976 3584 946 3597 912 3589 893 3584 890 3584 888 3584 885 3584 872 3592 837 3608 530 3624 506 3610 496 3602 493 3602 490 3602 488 3602 421 3608 418 3608 416 3608 405 3616 368 3637 317 3618 314 3618 312 3618 309 3618 296 3621 197 3642 146 3629 149 3688 152 3730"/></Shape>
	    <String CONTENT="viris Boylio primum in Anglia, deride ei Hugenio"
                    HPOS="146"
                    VPOS="3533"
                    WIDTH="1502"
                    HEIGHT="205"
                    WC="0.9685194566845894"></String>
          </TextLine>

          
          
          <TextLine ID="eSc_line_5532ec79"
                    TAGREFS="LT11324"
                    BASELINE="144 3773 733 3741 1336 3690 1856 3664" 
                    HPOS="138"
                    VPOS="3610"
                    WIDTH="1718"
                    HEIGHT="195">
            <Shape><Polygon POINTS="1816 3618 1789 3618 1762 3618 1736 3618 1728 3610 1578 3616 1576 3616 1573 3616 1573 3618 1560 3629 1549 3640 1453 3650 1328 3653 1296 3648 1250 3637 1248 3637 1245 3637 1197 3653 1170 3664 1149 3656 1125 3648 1122 3648 1120 3648 1117 3648 1077 3661 1040 3674 957 3669 880 3666 877 3666 874 3666 832 3680 792 3690 746 3685 672 3674 669 3674 666 3674 613 3693 586 3704 570 3696 560 3693 557 3693 554 3693 552 3693 549 3693 549 3696 544 3698 536 3709 138 3725 144 3773 144 3802 514 3805 517 3805 520 3805 594 3781 608 3778 616 3781 672 3794 674 3794 677 3794 680 3794 733 3773 765 3762 778 3773 800 3786 802 3786 805 3786 808 3786 810 3786 813 3786 837 3770 925 3778 928 3778 930 3778 973 3762 1016 3746 1053 3757 1085 3768 1088 3768 1090 3768 1093 3768 1096 3768 1096 3765 1106 3754 1120 3741 1181 3733 1362 3725 1429 3738 1453 3744 1456 3744 1458 3744 1461 3744 1461 3741 1466 3738 1485 3717 1522 3736 1530 3738 1533 3738 1536 3738 1634 3733 1688 3728 1690 3728 1693 3728 1693 3725 1720 3701 1765 3722 1768 3722 1770 3722 1851 3717 1856 3712 1856 3664 1848 3621 1842 3618"/></Shape>
	    <String CONTENT="in Batavis Galliaque promota  egregiis experimentis"
                    HPOS="138"
                    VPOS="3610"
                    WIDTH="1718"
                    HEIGHT="195"
                    WC="0.9881925582885742"></String>
          </TextLine>

          
          
          <TextLine ID="eSc_line_981e5119"
                    TAGREFS="LT11324"
                    BASELINE="136 3850 1664 3768" 
                    HPOS="133"
                    VPOS="3722"
                    WIDTH="1531"
                    HEIGHT="176">
            <Shape><Polygon POINTS="136 3898 277 3898 280 3898 282 3898 282 3896 288 3893 301 3874 381 3866 464 3880 477 3882 480 3882 509 3877 586 3864 605 3872 624 3880 626 3880 629 3880 632 3880 682 3866 730 3856 765 3861 797 3866 800 3866 802 3866 805 3866 813 3858 837 3842 992 3848 1056 3848 1058 3848 1061 3848 1074 3842 1096 3832 1122 3837 1168 3850 1170 3850 1173 3850 1216 3848 1218 3848 1221 3848 1221 3845 1234 3832 1245 3818 1320 3818 1333 3824 1362 3840 1365 3840 1368 3840 1370 3840 1373 3840 1397 3821 1458 3834 1461 3834 1464 3834 1466 3834 1488 3816 1496 3808 1512 3813 1528 3818 1530 3818 1533 3818 1536 3818 1552 3810 1565 3802 1576 3808 1597 3824 1600 3824 1602 3824 1605 3824 1608 3824 1664 3802 1664 3768 1661 3730 1352 3722 1349 3722 1346 3722 1296 3749 1293 3749 1290 3749 1221 3733 1218 3733 1112 3760 1104 3760 1096 3760 957 3744 954 3744 952 3744 896 3770 890 3770 714 3757 712 3757 568 3789 560 3789 554 3789 472 3778 469 3778 466 3778 413 3797 410 3797 389 3786 386 3786 384 3786 248 3802 189 3786 186 3786 184 3786 181 3786 133 3808 136 3850"/></Shape>
	    <String CONTENT="illustris reddita est adhibita est. Boylius non"
                    HPOS="133"
                    VPOS="3722"
                    WIDTH="1531"
                    HEIGHT="176"
                    WC="0.9550095504902779"></String>
          </TextLine>

          
          
          <TextLine ID="eSc_line_361a5ac0"
                    TAGREFS="LT11324"
                    BASELINE="144 3930 754 3904 1298 3864 1698 3850" 
                    HPOS="138"
                    VPOS="3800"
                    WIDTH="1560"
                    HEIGHT="184">
            <Shape><Polygon POINTS="146 3984 197 3984 197 3981 200 3981 202 3981 202 3978 221 3960 282 3973 296 3976 298 3976 301 3976 304 3976 306 3973 333 3952 456 3936 594 3949 597 3949 600 3949 688 3925 776 3944 802 3949 805 3949 906 3944 909 3944 928 3936 984 3909 1016 3922 1018 3922 1021 3922 1288 3893 1320 3912 1322 3914 1325 3914 1328 3914 1330 3914 1333 3914 1344 3909 1384 3893 1437 3901 1440 3901 1442 3901 1445 3901 1469 3882 1496 3901 1512 3912 1514 3912 1517 3912 1520 3912 1621 3898 1624 3898 1626 3898 1632 3893 1650 3880 1696 3888 1698 3850 1690 3808 1621 3816 1600 3810 1560 3800 1557 3800 1554 3800 1552 3800 1549 3800 1549 3802 1536 3813 1530 3818 1514 3816 1466 3808 1464 3808 1386 3821 1360 3826 1354 3824 1317 3805 1314 3805 1312 3805 1229 3810 1226 3810 1224 3810 1224 3813 1202 3832 1194 3837 1176 3832 1136 3824 1133 3824 1130 3824 1128 3824 1112 3837 1098 3845 1013 3845 1002 3842 960 3824 957 3824 954 3824 805 3850 749 3861 709 3856 658 3850 656 3850 653 3850 634 3861 624 3866 616 3861 594 3845 592 3845 589 3845 586 3845 490 3866 445 3877 418 3872 349 3856 346 3856 344 3856 296 3872 245 3866 242 3866 240 3866 237 3866 218 3882 210 3888 197 3882 165 3869 162 3869 160 3869 157 3869 154 3869 138 3877 144 3930"/></Shape>
	    <String CONTENT="Gravitatem tantum aeris sed et vim Elasticam, qu"
                    HPOS="138"
                    VPOS="3800"
                    WIDTH="1560"
                    HEIGHT="184"
                    WC="0.9926640403767427"></String>
          </TextLine>

          
          
          <TextLine ID="eSc_line_8de2ae69"
                    TAGREFS="LT11324"
                    BASELINE="176 4021 808 3981 1016 3957 1608 3930" 
                    HPOS="170"
                    VPOS="3880"
                    WIDTH="1438"
                    HEIGHT="168">
            <Shape><Polygon POINTS="176 4048 770 4032 773 4032 845 4002 866 3994 906 3997 1016 4010 1018 4010 1021 4010 1024 4010 1024 4008 1048 3989 1053 3981 1141 3978 1146 3981 1194 4005 1197 4005 1200 4005 1202 4005 1205 4005 1237 3976 1320 4000 1322 4000 1325 4000 1328 4000 1330 4000 1362 3970 1445 3962 1477 3976 1480 3976 1482 3976 1485 3976 1520 3962 1544 3984 1546 3984 1549 3984 1552 3984 1554 3984 1557 3984 1608 3952 1608 3930 1602 3893 1488 3880 1485 3880 1482 3880 1480 3880 1453 3901 1450 3904 1392 3904 1376 3904 1328 3885 1325 3885 1322 3885 1320 3885 1280 3904 1232 3888 1229 3888 1226 3888 1146 3893 1144 3893 1141 3893 1141 3896 1112 3920 1029 3901 1026 3901 1024 3901 1021 3901 989 3925 960 3904 957 3904 954 3904 952 3904 904 3906 901 3906 816 3938 757 3917 754 3917 752 3917 749 3917 746 3917 746 3920 733 3930 677 3920 674 3920 672 3920 610 3941 557 3928 554 3928 552 3928 549 3928 490 3957 434 3936 432 3936 429 3936 426 3936 352 3965 197 3962 194 3962 192 3962 189 3962 170 3970 176 4021"/></Shape>
	    <String CONTENT="Jam nitio hujus seculi ursit. Quanquam enim"
                    HPOS="170"
                    VPOS="3880"
                    WIDTH="1438"
                    HEIGHT="168"
                    WC="0.9807670255040013"></String>
          </TextLine>

          
          
          <TextLine ID="eSc_line_5220b0b6"
                    TAGREFS="LT11324"
                    BASELINE="168 4069 1616 4013" 
                    HPOS="165"
                    VPOS="3968"
                    WIDTH="1451"
                    HEIGHT="144">
            <Shape><Polygon POINTS="578 3997 528 4016 501 4026 165 4026 168 4069 168 4096 258 4096 296 4112 298 4112 301 4112 304 4112 306 4112 306 4109 309 4109 322 4093 386 4093 445 4112 448 4112 450 4112 453 4112 520 4093 576 4109 578 4109 581 4109 704 4080 736 4090 738 4090 741 4090 866 4069 869 4069 914 4096 917 4096 920 4096 922 4096 994 4093 997 4093 1000 4093 1000 4090 1026 4064 1189 4074 1192 4074 1194 4074 1197 4074 1226 4056 1474 4074 1477 4074 1538 4072 1541 4072 1544 4072 1544 4069 1546 4069 1562 4048 1616 4037 1616 4013 1610 3981 1474 3970 1472 3970 1344 3989 1317 3992 1312 3989 1269 3968 1266 3968 1264 3968 1261 3968 1181 3994 1176 3994 1173 3994 1130 3984 1128 3984 1125 3984 1122 3984 1120 3984 1120 3986 1117 3986 1109 3997 1106 4000 1104 3997 1061 3976 1058 3976 1056 3976 1053 3976 1013 3989 853 3984 850 3984 848 3984 802 4008 792 4013 650 4016 640 4013 597 3994 592 3997"/></Shape>
	    <String CONTENT="vim aeris Elasticam sclopeto ventanea("
                    HPOS="165"
                    VPOS="3968"
                    WIDTH="1451"
                    HEIGHT="144"
                    WC="0.9973952707491422"></String>
          </TextLine>

          
          
          <TextLine ID="eSc_line_6b62e38a"
                    TAGREFS="LT11324"
                    BASELINE="181 4152 1650 4090" 
                    HPOS="176"
                    VPOS="4048"
                    WIDTH="1474"
                    HEIGHT="144">
            <Shape><Polygon POINTS="184 4192 218 4173 272 4186 274 4186 277 4186 282 4186 397 4165 421 4178 426 4184 429 4184 432 4184 434 4184 538 4173 717 4154 741 4162 754 4168 757 4168 760 4168 869 4157 914 4152 933 4152 1002 4160 1005 4160 1008 4160 1010 4160 1010 4157 1021 4149 1034 4138 1122 4144 1197 4146 1200 4146 1202 4146 1234 4136 1269 4125 1344 4125 1357 4130 1384 4144 1386 4144 1389 4144 1554 4125 1581 4136 1584 4136 1586 4136 1589 4136 1650 4114 1650 4090 1648 4050 1208 4048 1205 4048 1202 4048 1200 4048 1184 4064 1181 4064 1152 4064 1077 4061 1074 4061 1072 4061 1050 4066 1005 4077 874 4072 805 4069 802 4069 776 4074 717 4088 685 4077 669 4072 666 4072 664 4072 632 4080 560 4096 469 4082 437 4080 434 4080 432 4080 418 4085 370 4104 338 4088 336 4088 333 4088 176 4090 181 4152"/></Shape>
	    <String CONTENT="dont linvention est deue a Mariu Bourgeois"
                    HPOS="176"
                    VPOS="4048"
                    WIDTH="1474"
                    HEIGHT="144"
                    WC="0.9656877503508613"></String>
          </TextLine>

          
          
          <TextLine ID="eSc_line_236f0fdd"
                    TAGREFS="LT11324"
                    BASELINE="189 4224 1618 4184" 
                    HPOS="186"
                    VPOS="4133"
                    WIDTH="1432"
                    HEIGHT="141">
            <Shape><Polygon POINTS="192 4274 288 4245 349 4266 352 4266 354 4266 357 4266 360 4266 384 4250 520 4264 565 4266 568 4266 610 4258 762 4232 794 4253 802 4258 805 4258 808 4258 810 4261 853 4261 853 4258 856 4258 882 4250 952 4226 1002 4242 1005 4242 1008 4242 1010 4242 1048 4224 1093 4237 1096 4237 1098 4237 1101 4237 1104 4237 1104 4234 1117 4221 1234 4221 1250 4237 1253 4237 1253 4240 1256 4240 1258 4240 1328 4245 1330 4245 1333 4245 1336 4245 1357 4232 1384 4216 1413 4229 1418 4232 1421 4232 1424 4232 1426 4232 1437 4229 1493 4213 1616 4221 1618 4184 1613 4138 1061 4133 1058 4133 768 4162 757 4162 752 4162 664 4144 661 4144 658 4144 562 4168 560 4168 557 4168 362 4154 360 4154 357 4154 354 4154 330 4173 285 4162 282 4162 280 4162 186 4178 189 4224"/></Shape>
	    <String CONTENT="de Lisceux qui la presenta a Heurus IV. en"
                    HPOS="186"
                    VPOS="4133"
                    WIDTH="1432"
                    HEIGHT="141"
                    WC="0.9617803792158762"></String>
          </TextLine>

          
          
          <TextLine ID="eSc_line_809b84c1"
                    TAGREFS="LT11324"
                    BASELINE="165 4298 1162 4261 1653 4261" 
                    HPOS="162"
                    VPOS="4202"
                    WIDTH="1491"
                    HEIGHT="134">
            <Shape><Polygon POINTS="165 4325 184 4336 186 4336 189 4336 192 4336 194 4336 194 4333 210 4322 216 4314 362 4312 373 4320 386 4330 389 4330 392 4330 394 4330 397 4330 434 4317 445 4314 450 4317 464 4328 466 4328 469 4328 472 4328 474 4328 498 4317 520 4306 594 4306 613 4314 637 4325 640 4325 642 4325 645 4325 669 4314 698 4301 792 4312 869 4320 872 4320 930 4309 1016 4293 1093 4306 1112 4309 1114 4309 1117 4309 1120 4309 1122 4306 1144 4290 1210 4304 1224 4306 1226 4306 1229 4306 1234 4304 1269 4290 1298 4304 1309 4306 1312 4306 1314 4306 1317 4306 1328 4304 1349 4293 1650 4296 1653 4261 1648 4202 1434 4218 1408 4208 1397 4202 1394 4202 1392 4202 1365 4208 1301 4224 1248 4210 1226 4205 1224 4205 1221 4205 1218 4205 1192 4210 1154 4221 1069 4216 1066 4216 1064 4216 1061 4216 1058 4216 1034 4232 986 4216 976 4213 973 4213 970 4213 968 4213 965 4213 962 4218 938 4237 861 4237 824 4221 818 4218 816 4218 813 4218 709 4221 682 4224 506 4248 429 4229 421 4229 418 4229 408 4229 296 4253 253 4234 250 4234 248 4234 162 4234 165 4298"/></Shape>
	    <String CONTENT="l&#x27;en 1605. Si clarissimo petiso credimus, et"
                    HPOS="162"
                    VPOS="4202"
                    WIDTH="1491"
                    HEIGHT="134"
                    WC="0.9643623395399614"></String>
          </TextLine>

          
          
          <TextLine ID="eSc_line_252f1f30"
                    TAGREFS="LT11324"
                    BASELINE="162 4365 1722 4320" 
                    HPOS="160"
                    VPOS="4277"
                    WIDTH="1562"
                    HEIGHT="128">
            <Shape><Polygon POINTS="162 4392 434 4405 437 4405 440 4405 442 4405 464 4386 466 4386 469 4386 536 4397 538 4397 613 4384 640 4378 653 4381 693 4397 696 4397 698 4397 701 4397 704 4397 704 4394 717 4381 722 4376 738 4381 794 4394 797 4394 800 4394 802 4394 834 4378 845 4373 909 4376 1074 4386 1077 4386 1080 4386 1136 4370 1173 4362 1205 4370 1258 4381 1261 4381 1378 4365 1448 4357 1466 4365 1488 4373 1490 4373 1493 4373 1586 4370 1589 4370 1592 4370 1605 4360 1621 4352 1637 4360 1653 4368 1656 4368 1658 4368 1722 4357 1722 4320 1717 4285 1346 4277 1344 4277 1080 4285 1077 4285 1074 4285 1074 4288 1072 4288 1061 4301 1058 4304 1050 4301 981 4288 978 4288 901 4306 885 4309 874 4306 829 4293 826 4293 824 4293 746 4309 736 4312 725 4312 650 4298 648 4298 645 4298 602 4314 592 4317 546 4314 360 4306 357 4306 354 4306 352 4306 333 4322 325 4328 160 4328 162 4365"/></Shape>
	    <String CONTENT="memini sane me librum de  vidisse, ante annum"
                    HPOS="160"
                    VPOS="4277"
                    WIDTH="1562"
                    HEIGHT="128"
                    WC="0.9888801799880134"></String>
          </TextLine>

          
          
          <TextLine ID="eSc_line_2e93973d"
                    TAGREFS="LT11324"
                    BASELINE="170 4440 642 4416 1341 4416 1906 4394" 
                    HPOS="168"
                    VPOS="4341"
                    WIDTH="1738"
                    HEIGHT="159">
            <Shape><Polygon POINTS="1877 4346 1696 4341 1693 4341 1690 4341 1688 4341 1674 4354 1661 4365 1568 4365 1557 4357 1549 4349 1546 4349 1544 4349 1354 4349 1352 4349 1349 4349 1346 4349 1346 4352 1336 4362 1328 4373 1133 4373 1120 4368 1096 4360 1093 4360 1090 4360 1088 4360 1085 4360 1074 4370 1066 4376 1032 4370 984 4365 981 4365 834 4376 730 4384 664 4381 464 4370 461 4370 458 4370 456 4370 434 4386 429 4389 416 4386 320 4373 317 4373 314 4373 312 4373 288 4392 282 4394 266 4392 197 4378 194 4378 192 4378 168 4389 170 4440 170 4474 192 4482 224 4477 272 4488 326 4500 343 4499 465 4487 472 4485 490 4482 493 4484 579 4475 636 4479 674 4466 730 4482 740 4486 757 4487 781 4482 810 4477 818 4482 830 4492 833 4492 862 4500 938 4498 941 4498 944 4498 944 4496 957 4482 986 4498 989 4498 992 4498 1109 4496 1112 4496 1141 4480 1152 4474 1189 4480 1274 4490 1277 4490 1280 4490 1322 4477 1416 4450 1506 4474 1509 4474 1512 4474 1514 4474 1584 4448 1648 4466 1650 4466 1653 4466 1656 4466 1658 4466 1701 4440 1813 4440 1874 4462 1902 4451 1906 4394 1901 4360"/></Shape>
	    <String CONTENT="hujus seculi tomum impressum) egregre illustrarint aerem"
                    HPOS="168"
                    VPOS="4341"
                    WIDTH="1738"
                    HEIGHT="159"
                    WC="0.9753891623445919"></String>
          </TextLine>

          
        </TextBlock>
        
        <TextBlock HPOS="1794"
                   VPOS="83"
                   WIDTH="1454"
                   HEIGHT="861"
                   ID="r0"
                   TAGREFS="BT16575">
          <Shape><Polygon POINTS="2606 100 2503 207 2454 319 2333 333 2176 347 2052 348 1974 399 1962 464 1961 556 1839 580 1794 652 1800 719 1974 683 2015 781 2040 885 2111 920 2222 944 2372 877 2535 871 2830 882 2913 931 2907 831 2939 802 3089 811 3185 839 3236 767 3244 682 3248 358 3216 342 3125 322 2918 333 3041 193 2967 124 2826 83"/></Shape>
          
          
          <TextLine ID="eSc_line_0fa79f37_a"
                    TAGREFS="LT11324"
                    BASELINE="1972 410 3213 386" 
                    HPOS="1965"
                    VPOS="320"
                    WIDTH="1248"
                    HEIGHT="141">
            <Shape><Polygon POINTS="3173 336 3080 352 3029 338 3005 333 3002 333 3000 333 2885 344 2880 344 2877 344 2770 320 2768 320 2637 325 2634 325 2565 352 2472 330 2469 330 2400 330 2389 333 2362 336 2336 336 2274 368 2269 370 2264 368 2221 346 2202 346 2176 349 2149 352 2122 354 2096 354 2069 357 2042 360 2034 360 1974 399 1965 449 2101 461 2104 461 2352 434 2440 456 2450 458 2453 458 2456 458 2477 456 2597 426 2709 445 2754 453 2757 453 2834 442 2981 418 3074 432 3106 437 3109 437 3213 426 3213 386 3208 344 3189 341"/></Shape>
	    <String CONTENT="Accedebat calculus alittd pe altitu antlia"
                    HPOS="1965"
                    VPOS="320"
                    WIDTH="1248"
                    HEIGHT="141"
                    WC="0.9405251826558795"></String>
          </TextLine>

          
          
          <TextLine ID="eSc_line_c77027ec"
                    TAGREFS="LT11324"
                    BASELINE="2594 165 2690 157" 
                    HPOS="2588"
                    VPOS="99"
                    WIDTH="102"
                    HEIGHT="77">
            <Shape><Polygon POINTS="2640 104 2618 99 2606 100 2588 119 2594 165 2594 176 2690 170 2690 157 2680 106 2669 106"/></Shape>
	    <String CONTENT="31"
                    HPOS="2588"
                    VPOS="99"
                    WIDTH="102"
                    HEIGHT="77"
                    WC="0.9951153695583344"></String>
          </TextLine>

          
          
          <TextLine ID="eSc_line_415b3368"
                    TAGREFS="LT11324"
                    BASELINE="2722 157 2853 176 2981 176" 
                    HPOS="2714"
                    VPOS="114"
                    WIDTH="267"
                    HEIGHT="126">
            <Shape><Polygon POINTS="2936 141 2909 136 2882 133 2856 130 2829 128 2802 122 2776 120 2749 117 2725 114 2722 114 2722 157 2714 221 2800 240 2802 240 2805 240 2808 240 2818 232 2824 221 2834 218 2850 210 2866 202 2976 202 2981 176 2981 146 2962 144"/></Shape>
	    <String CONTENT="rxprt in"
                    HPOS="2714"
                    VPOS="114"
                    WIDTH="267"
                    HEIGHT="126"
                    WC="0.8055403865873814"></String>
          </TextLine>

          
          
          <TextLine ID="eSc_line_d392cffe"
                    TAGREFS="LT11324"
                    BASELINE="2512 248 2624 232" 
                    HPOS="2505"
                    VPOS="141"
                    WIDTH="124"
                    HEIGHT="163">
            <Shape><Polygon POINTS="2512 248 2514 290 2568 304 2570 304 2573 304 2629 277 2624 232 2605 141 2555 153 2505 205"/></Shape>
	    <String CONTENT=""
                    HPOS="2505"
                    VPOS="141"
                    WIDTH="124"
                    HEIGHT="163"></String>
          </TextLine>

          
          
          <TextLine ID="eSc_line_8360abea"
                    TAGREFS="LT11324"
                    BASELINE="2802 226 2981 216" 
                    HPOS="2800"
                    VPOS="184"
                    WIDTH="181"
                    HEIGHT="85">
            <Shape><Polygon POINTS="2933 216 2904 184 2816 186 2800 208 2802 226 2808 269 2914 240 2978 245 2981 216 2978 213 2960 210"/></Shape>
	    <String CONTENT="b"
                    HPOS="2800"
                    VPOS="184"
                    WIDTH="181"
                    HEIGHT="85"
                    WC="0.9989404082298279"></String>
          </TextLine>

          
          
          <TextLine ID="eSc_line_c76a8a29"
                    TAGREFS="LT11324"
                    BASELINE="2496 325 2901 301" 
                    HPOS="2490"
                    VPOS="245"
                    WIDTH="411"
                    HEIGHT="99">
            <Shape><Polygon POINTS="2496 344 2901 325 2901 301 2893 248 2802 266 2789 256 2773 245 2770 245 2768 245 2765 245 2762 245 2693 266 2688 266 2685 266 2648 253 2645 253 2642 253 2640 253 2589 274 2576 280 2565 277 2528 266 2525 266 2522 266 2520 266 2490 280 2496 325"/></Shape>
	    <String CONTENT=" collateane"
                    HPOS="2490"
                    VPOS="245"
                    WIDTH="411"
                    HEIGHT="99"
                    WC="0.9951588023792614"></String>
          </TextLine>

          
          
          <TextLine ID="eSc_line_c5bf11b1"
                    TAGREFS="LT11324"
                    BASELINE="1962 491 2256 477 3229 466" 
                    HPOS="1961"
                    VPOS="416"
                    WIDTH="1268"
                    HEIGHT="120">
            <Shape><Polygon POINTS="2394 461 2368 450 2341 445 2314 448 2288 448 2261 450 2234 453 2208 456 2181 456 2154 458 2128 461 2101 461 2074 464 2048 466 2021 469 1994 469 1968 472 1962 472 1961 525 2096 536 2098 536 2101 536 2104 536 2125 517 2130 517 2189 536 2192 536 2194 536 2197 536 2200 536 2200 533 2202 533 2210 522 2354 533 2357 533 2437 517 2461 514 2477 517 2512 530 2514 530 2517 530 2520 530 2522 530 2522 528 2533 517 2538 514 2552 517 2576 525 2578 525 2581 525 2584 525 2597 517 2618 506 2698 517 2714 520 2717 520 2728 517 2778 506 2818 517 2840 525 2842 525 2845 525 2848 525 2872 517 2928 501 2949 517 2952 522 2954 522 2957 522 2960 525 3024 525 3024 522 3026 522 3029 522 3034 517 3061 498 3130 517 3136 520 3138 520 3141 520 3229 517 3229 466 3221 416 2432 437 2421 472"/></Shape>
	    <String CONTENT="Et Baroscorii,  sic satis consentiens. Siphro"
                    HPOS="1961"
                    VPOS="416"
                    WIDTH="1268"
                    HEIGHT="120"
                    WC="0.9282292677296533"></String>
          </TextLine>

          
          
          <TextLine ID="eSc_line_73cb6051"
                    TAGREFS="LT11324"
                    BASELINE="1986 562 2506 541 3160 533" 
                    HPOS="1984"
                    VPOS="477"
                    WIDTH="1176"
                    HEIGHT="133">
            <Shape><Polygon POINTS="2437 533 2410 541 2384 536 2373 512 2176 514 2162 512 2112 501 2109 501 2106 501 2104 501 2104 504 2101 504 2093 514 2090 517 2082 514 2026 504 2024 504 2021 504 1984 517 1986 562 1986 610 2050 610 2050 608 2053 608 2058 605 2117 581 2216 581 2258 597 2274 602 2277 602 2280 602 2282 602 2301 594 2349 576 2386 592 2408 600 2410 600 2413 600 2416 600 2418 600 2418 597 2429 589 2445 573 2520 576 2530 584 2546 597 2549 597 2552 597 2554 597 2557 597 2618 581 2669 568 2698 578 2733 589 2736 589 2738 589 2741 589 2800 573 2829 565 2848 570 2890 586 2893 586 2896 586 2898 586 2976 565 2978 565 3008 584 3010 584 3013 584 3016 586 3120 586 3120 584 3122 584 3125 584 3160 560 3160 533 3152 477 3005 496 2922 485 2901 482 2898 482 2896 482 2893 482 2893 485 2890 485 2877 498 2741 490 2666 488 2664 488 2624 496 2578 504 2520 498 2480 496 2464 530"/></Shape>
	    <String CONTENT="Aqua enim per antliam ad  circiter pedes"
                    HPOS="1984"
                    VPOS="477"
                    WIDTH="1176"
                    HEIGHT="133"
                    WC="0.9611901864409447"></String>
          </TextLine>

          
          
          <TextLine ID="eSc_line_2072007c"
                    TAGREFS="LT11324"
                    BASELINE="1797 650 2362 616 3184 600" 
                    HPOS="1797"
                    VPOS="552"
                    WIDTH="1387"
                    HEIGHT="144">
            <Shape><Polygon POINTS="2434 586 2408 586 2381 586 2354 589 2328 589 2301 592 2274 592 2266 592 2248 592 2221 594 2194 594 2168 597 2141 597 2114 597 2088 632 2061 632 2034 632 2008 637 1981 637 1954 637 1928 637 1901 637 1874 637 1848 634 1840 600 1828 597 1797 647 1797 650 1797 686 1798 696 1906 693 1909 693 1960 666 2218 672 2221 672 2224 672 2226 672 2245 658 2333 666 2336 666 2405 653 2461 674 2464 674 2466 674 2469 674 2557 648 2600 672 2602 672 2605 672 2608 672 2685 669 2688 669 2690 669 2717 648 2738 664 2738 666 2741 666 2744 666 2746 666 2834 664 2837 664 2842 664 2954 634 3021 656 3024 656 3026 658 3090 658 3090 656 3093 656 3096 656 3096 653 3122 634 3178 650 3184 600 3176 560 2978 570 2965 562 2949 552 2946 552 2944 552 2941 552 2938 552 2906 565 2885 573 2874 565 2864 557 2861 557 2858 557 2856 557 2853 557 2821 565 2805 570 2792 568 2765 557 2762 557 2760 557 2757 557 2754 557 2738 568 2728 576 2709 568 2688 560 2685 560 2682 560 2634 570 2586 581 2549 573 2522 565 2520 565 2517 565 2477 570 2461 578"/></Shape>
	    <String CONTENT="sut attollitur, Mercurius in Baro scopio ad 27 ped"
                    HPOS="1797"
                    VPOS="552"
                    WIDTH="1387"
                    HEIGHT="144"
                    WC="0.9507966029644013"></String>
          </TextLine>

          
          
          <TextLine ID="eSc_line_f2120a30"
                    TAGREFS="LT11324"
                    BASELINE="2026 704 2152 690 3205 672" 
                    HPOS="2024"
                    VPOS="626"
                    WIDTH="1181"
                    HEIGHT="118">
            <Shape><Polygon POINTS="2397 674 2370 674 2344 674 2317 682 2296 645 2181 640 2178 640 2024 661 2026 704 2029 744 2080 728 2112 741 2117 744 2120 744 2122 744 2250 741 2253 741 2256 741 2256 738 2258 736 2274 722 2296 736 2298 738 2301 738 2304 738 2306 738 2309 738 2320 733 2354 717 2394 730 2400 733 2402 733 2405 733 2408 733 2413 730 2450 714 2498 728 2530 736 2533 736 2536 736 2592 725 2605 722 2621 722 2688 730 2690 730 2693 730 2696 730 2696 728 2704 720 2714 712 2757 720 2834 730 2837 730 2840 730 2842 730 2866 714 2874 709 2896 714 2965 728 2968 728 2970 728 3018 709 3029 704 3205 701 3205 672 3194 626 3146 640 3128 626 3125 626 3122 626 2885 626 2882 626 2880 626 2877 626 2864 637 2853 642 2797 637 2717 632 2714 632 2712 632 2709 632 2696 642 2688 648 2672 642 2642 632 2640 632 2637 632 2634 632 2600 645 2581 653 2464 653 2458 648 2445 637 2442 637 2440 637 2437 637 2424 666"/></Shape>
	    <String CONTENT="pollices, qui in 372. pollicibus d pene"
                    HPOS="2024"
                    VPOS="626"
                    WIDTH="1181"
                    HEIGHT="118"
                    WC="0.9761603428767278"></String>
          </TextLine>

          
          
          <TextLine ID="eSc_line_e51d7d1f"
                    TAGREFS="LT11324"
                    BASELINE="2034 773 2440 754 3221 744" 
                    HPOS="2032"
                    VPOS="690"
                    WIDTH="1189"
                    HEIGHT="139">
            <Shape><Polygon POINTS="2352 730 2325 738 2298 757 2272 757 2256 722 2176 712 2173 712 2170 712 2168 712 2146 730 2144 733 2032 733 2034 773 2034 829 2157 829 2157 826 2160 826 2162 826 2162 824 2181 805 2202 824 2205 824 2208 824 2210 826 2264 826 2264 824 2266 824 2269 824 2269 821 2306 789 2373 808 2376 808 2378 808 2381 808 2384 808 2413 784 2472 800 2474 800 2477 800 2592 786 2674 797 2677 797 2680 797 2725 773 2856 773 2898 789 2901 789 2904 789 3069 776 3106 805 3109 805 3112 805 3114 805 3211 802 3221 788 3221 744 3213 696 3130 709 3098 698 3077 690 3074 690 3072 690 3010 701 2938 714 2880 706 2845 701 2842 701 2840 701 2826 706 2805 717 2762 709 2698 698 2696 698 2693 698 2690 698 2666 712 2656 720 2626 714 2560 701 2557 701 2554 701 2552 701 2552 704 2549 704 2538 717 2536 717 2514 706 2512 706 2509 706 2418 722 2394 725 2389 722 2381 714 2378 722"/></Shape>
	    <String CONTENT="quaterdices continentur, nam et Mercurius"
                    HPOS="2032"
                    VPOS="690"
                    WIDTH="1189"
                    HEIGHT="139"
                    WC="0.9920016250959257"></String>
          </TextLine>

          
          
          <TextLine ID="eSc_line_3d78af79"
                    TAGREFS="LT11324"
                    BASELINE="2050 840 2904 813" 
                    HPOS="2048"
                    VPOS="760"
                    WIDTH="856"
                    HEIGHT="156">
            <Shape><Polygon POINTS="2394 800 2368 813 2341 826 2320 781 2317 781 2309 786 2296 797 2048 797 2050 840 2052 891 2102 916 2240 912 2242 912 2245 912 2245 909 2250 906 2272 880 2389 866 2413 876 2473 873 2512 864 2531 871 2535 871 2601 873 2661 858 2725 874 2745 879 2830 882 2840 888 2904 861 2904 813 2896 768 2813 776 2784 770 2730 760 2728 760 2725 760 2677 773 2642 784 2624 776 2600 765 2597 765 2594 765 2432 768 2421 784"/></Shape>
	    <String CONTENT="aqua quater decies gravior est."
                    HPOS="2048"
                    VPOS="760"
                    WIDTH="856"
                    HEIGHT="156"
                    WC="0.9787471255948467"></String>
          </TextLine>

          
        </TextBlock>
        
        <TextBlock HPOS="2009"
                   VPOS="981"
                   WIDTH="762"
                   HEIGHT="119"
                   ID="r1"
                   TAGREFS="BT16575">
          <Shape><Polygon POINTS="2029 1018 2009 1088 2034 1100 2582 1095 2771 1072 2765 1012 2601 1003 2432 999 2356 981 2235 994"/></Shape>
          
          
          <TextLine ID="eSc_line_faa63cf9"
                    TAGREFS="LT11324"
                    BASELINE="2040 1056 2752 1045" 
                    HPOS="2037"
                    VPOS="987"
                    WIDTH="715"
                    HEIGHT="113">
            <Shape><Polygon POINTS="2304 1013 2090 1013 2087 1011 2037 1017 2040 1056 2044 1100 2066 1100 2077 1093 2221 1093 2235 1098 2290 1098 2304 1085 2397 1085 2467 1096 2582 1095 2752 1074 2752 1045 2746 1016 2740 1011 2601 1003 2432 999 2382 987"/></Shape>
	    <String CONTENT="et ut ait demonstrare"
                    HPOS="2037"
                    VPOS="987"
                    WIDTH="715"
                    HEIGHT="113"
                    WC="0.9617300544466291"></String>
          </TextLine>

          
        </TextBlock>
        
        <TextBlock HPOS="2043"
                   VPOS="1490"
                   WIDTH="902"
                   HEIGHT="227"
                   ID="r2"
                   TAGREFS="BT16575">
          <Shape><Polygon POINTS="2058 1540 2043 1610 2156 1694 2302 1717 2679 1717 2697 1638 2826 1641 2906 1642 2945 1574 2914 1520 2755 1506 2652 1508 2593 1490 2484 1542 2319 1529"/></Shape>
          
          
          <TextLine ID="eSc_line_5cdc0226"
                    TAGREFS="LT11324"
                    BASELINE="2053 1594 2624 1568 2925 1570" 
                    HPOS="2052"
                    VPOS="1507"
                    WIDTH="873"
                    HEIGHT="154">
            <Shape><Polygon POINTS="2818 1512 2797 1512 2770 1509 2768 1509 2741 1509 2714 1509 2688 1509 2675 1508 2652 1508 2648 1507 2586 1528 2584 1530 2525 1530 2509 1530 2484 1542 2319 1529 2233 1533 2202 1541 2179 1535 2071 1539 2057 1544 2052 1570 2053 1594 2053 1617 2108 1658 2128 1661 2130 1661 2133 1661 2136 1661 2149 1650 2186 1621 2285 1618 2392 1618 2424 1642 2426 1642 2429 1642 2432 1642 2434 1642 2437 1642 2458 1624 2490 1632 2493 1632 2496 1632 2498 1632 2549 1610 2578 1621 2581 1621 2584 1621 2666 1605 2715 1638 2826 1641 2827 1641 2908 1638 2925 1609 2925 1570 2922 1534 2921 1532 2907 1519 2825 1512"/></Shape>
	    <String CONTENT="(virunculi spociem habet gradus"
                    HPOS="2052"
                    VPOS="1507"
                    WIDTH="873"
                    HEIGHT="154"
                    WC="0.9848660653637301"></String>
          </TextLine>

          
          
          <TextLine ID="eSc_line_78fb55c4"
                    TAGREFS="LT11324"
                    BASELINE="2170 1658 2666 1640" 
                    HPOS="2168"
                    VPOS="1589"
                    WIDTH="501"
                    HEIGHT="128">
            <Shape><Polygon POINTS="2172 1697 2270 1712 2314 1712 2320 1714 2323 1717 2407 1717 2424 1714 2472 1706 2498 1714 2506 1717 2615 1717 2669 1714 2666 1640 2658 1589 2168 1616 2170 1658"/></Shape>
	    <String CONTENT="digito designantis)"
                    HPOS="2168"
                    VPOS="1589"
                    WIDTH="501"
                    HEIGHT="128"
                    WC="0.9653203989330091"></String>
          </TextLine>

          
        </TextBlock>
        
        <TextBlock HPOS="1872"
                   VPOS="2423"
                   WIDTH="351"
                   HEIGHT="166"
                   ID="r3"
                   TAGREFS="BT16575">
          <Shape><Polygon POINTS="1966 2423 1872 2493 1937 2589 2157 2578 2223 2506 2177 2432"/></Shape>
          
          
          <TextLine ID="eSc_line_a30fb3db"
                    TAGREFS="LT11324"
                    BASELINE="1898 2501 2181 2501" 
                    HPOS="1898"
                    VPOS="2442"
                    WIDTH="283"
                    HEIGHT="128">
            <Shape><Polygon POINTS="2138 2461 2112 2458 2085 2453 2058 2450 2032 2448 2005 2442 1978 2445 1952 2453 1925 2458 1924 2454 1898 2474 1898 2501 1898 2531 1920 2563 2045 2570 2048 2570 2050 2570 2072 2565 2125 2552 2170 2564 2177 2557 2181 2501 2170 2466 2165 2466"/></Shape>
	    <String CONTENT="sensibilis"
                    HPOS="1898"
                    VPOS="2442"
                    WIDTH="283"
                    HEIGHT="128"
                    WC="0.986625587940216"></String>
          </TextLine>

          
        </TextBlock>
        

        
      </PrintSpace>
    </Page>
  </Layout>
</alto>
