<?xml version="1.0" encoding="UTF-8"?>
<alto xmlns:xsi="http://www.w3.org/2001/XMLSchema-instance"
      xmlns="http://www.loc.gov/standards/alto/ns-v4#"
      xsi:schemaLocation="http://www.loc.gov/standards/alto/ns-v4# http://www.loc.gov/standards/alto/v4/alto-4-2.xsd">
  <Description>
    <MeasurementUnit>pixel</MeasurementUnit>
    <sourceImageInformation>
      <fileName>LH_37_3_0108r.jpg</fileName>
      
    </sourceImageInformation>
  </Description>
  
  <Tags>
    <OtherTag ID="BT16575" LABEL="MarginTextZone" DESCRIPTION="block type MarginTextZone"/><OtherTag ID="BT16576" LABEL="DamageZone" DESCRIPTION="block type DamageZone"/><OtherTag ID="BT16577" LABEL="DigitizationArtefactZone" DESCRIPTION="block type DigitizationArtefactZone"/><OtherTag ID="BT16578" LABEL="DropCapitalZone" DESCRIPTION="block type DropCapitalZone"/><OtherTag ID="BT16579" LABEL="GraphicZone" DESCRIPTION="block type GraphicZone"/><OtherTag ID="BT16581" LABEL="NumberingZone" DESCRIPTION="block type NumberingZone"/><OtherTag ID="BT16582" LABEL="QuireMarksZone" DESCRIPTION="block type QuireMarksZone"/><OtherTag ID="BT16583" LABEL="RunningTitleZone" DESCRIPTION="block type RunningTitleZone"/><OtherTag ID="BT16584" LABEL="SealZone" DESCRIPTION="block type SealZone"/><OtherTag ID="BT16585" LABEL="StampZone" DESCRIPTION="block type StampZone"/><OtherTag ID="BT27322" LABEL="text" DESCRIPTION="block type text"/><OtherTag ID="BT27323" LABEL="GraphicZone-formula-inline" DESCRIPTION="block type GraphicZone-formula-inline"/><OtherTag ID="BT27324" LABEL="GraphicZone-formula-complex" DESCRIPTION="block type GraphicZone-formula-complex"/><OtherTag ID="BT27325" LABEL="MainZone" DESCRIPTION="block type MainZone"/><OtherTag ID="BT27326" LABEL="GraphicZone-figure" DESCRIPTION="block type GraphicZone-figure"/><OtherTag ID="BT27327" LABEL="GraphicZone-formula-strikethrough" DESCRIPTION="block type GraphicZone-formula-strikethrough"/>
    <OtherTag ID="LT6926" LABEL="DefaultLine" DESCRIPTION="line type DefaultLine"/><OtherTag ID="LT6927" LABEL="HeadingLine" DESCRIPTION="line type HeadingLine"/><OtherTag ID="LT6928" LABEL="InterlinearLine" DESCRIPTION="line type InterlinearLine"/><OtherTag ID="LT11324" LABEL="default" DESCRIPTION="line type default"/>
  </Tags>
  
  <Layout>
    <Page WIDTH="3291"
          HEIGHT="4789"
          PHYSICAL_IMG_NR="285"
          ID="eSc_dummypage_">
      <PrintSpace HPOS="0"
                  VPOS="0"
                  WIDTH="3291"
                  HEIGHT="4789">
        
        <TextBlock HPOS="71"
                   VPOS="73"
                   WIDTH="2782"
                   HEIGHT="4527"
                   ID="r5"
                   TAGREFS="BT27325">
          <Shape><Polygon POINTS="1001 73 896 95 749 140 670 108 342 111 116 103 80 249 71 699 81 873 108 1251 125 1474 89 1816 126 2118 131 2231 104 2955 105 3151 172 3218 160 3444 116 3801 97 4203 143 4600 706 4591 1234 4578 2024 4556 1794 4152 1849 4057 2270 4035 2264 3915 1910 3910 1877 3766 2038 3646 2024 3526 2237 3489 2850 3435 2853 3309 2208 3327 2045 3346 1868 3357 1813 3415 1705 3391 1710 3279 1772 2995 1784 2910 2090 2930 2201 2888 2176 2811 2022 2795 1915 2772 1832 2800 1757 2760 1802 2616 1895 2473 1845 2293 1937 2029 1940 1969 1894 1931 1849 1816 1854 1677 1828 1567 1850 1454 1787 1314 1881 1122 1873 1022 1834 962 1881 646 1948 487 1923 190 1710 106 1411 120 1137 83"/></Shape>
          
          
          <TextLine ID="eSc_line_a934be82"
                    TAGREFS="LT11324"
                    BASELINE="117 180 742 167 1661 172" 
                    HPOS="114"
                    VPOS="106"
                    WIDTH="1547"
                    HEIGHT="136">
            <Shape><Polygon POINTS="1626 117 1600 130 1491 117 1488 117 1485 117 1427 130 1328 109 1321 108 1307 106 1307 106 1275 109 1067 133 1027 117 1025 117 1022 117 1019 122 1014 122 1001 135 841 135 817 119 749 140 682 113 673 114 647 117 620 117 593 117 567 117 540 117 513 117 487 117 468 117 420 130 391 117 380 117 354 117 348 117 319 135 250 135 218 114 194 114 183 109 115 109 114 111 117 180 117 242 236 239 239 239 242 239 282 204 316 204 460 204 521 239 524 239 527 239 529 242 641 242 641 239 644 239 649 236 737 204 857 204 894 234 897 239 899 239 902 239 905 239 907 239 918 234 966 212 1019 234 1035 239 1038 239 1041 239 1097 236 1099 236 1102 236 1102 234 1104 234 1126 210 1211 202 1336 202 1373 231 1381 236 1384 236 1387 236 1389 236 1424 228 1488 215 1538 228 1568 236 1570 236 1573 236 1658 226 1661 172 1653 119 1632 119"/></Shape>
	    <String CONTENT="ut punctum ejus summum quod  in f praecise"
                    HPOS="114"
                    VPOS="106"
                    WIDTH="1547"
                    HEIGHT="136"
                    WC="0.979029057990937"></String>
          </TextLine>

          
          
          <TextLine ID="eSc_line_2ace7eda"
                    TAGREFS="LT11324"
                    BASELINE="942 122 1027 119" 
                    HPOS="939"
                    VPOS="78"
                    WIDTH="88"
                    HEIGHT="73">
            <Shape><Polygon POINTS="942 122 942 151 1027 135 1027 119 1022 87 979 78 939 86"/></Shape>
	    <String CONTENT="sit"
                    HPOS="939"
                    VPOS="78"
                    WIDTH="88"
                    HEIGHT="73"
                    WC="0.9997865358988444"></String>
          </TextLine>

          
          
          <TextLine ID="eSc_line_9ebe66d0"
                    TAGREFS="LT11324"
                    BASELINE="1054 119 1086 119" 
                    HPOS="1054"
                    VPOS="77"
                    WIDTH="32"
                    HEIGHT="79">
            <Shape><Polygon POINTS="1054 119 1054 156 1086 156 1086 119 1084 79 1054 77"/></Shape>
	    <String CONTENT=""
                    HPOS="1054"
                    VPOS="77"
                    WIDTH="32"
                    HEIGHT="79"></String>
          </TextLine>

          
          
          <TextLine ID="eSc_line_055f1245"
                    TAGREFS="LT11324"
                    BASELINE="98 274 662 258 1384 263 1728 250" 
                    HPOS="95"
                    VPOS="202"
                    WIDTH="1633"
                    HEIGHT="117">
            <Shape><Polygon POINTS="98 319 228 319 228 316 231 316 234 316 282 297 356 308 359 308 362 308 410 292 511 308 513 308 599 292 636 308 641 311 644 311 647 311 649 311 660 308 716 290 788 305 801 308 804 308 806 308 817 305 883 287 985 287 1003 303 1009 305 1009 308 1011 308 1014 308 1017 308 1176 305 1179 305 1182 305 1190 300 1211 284 1267 284 1280 297 1288 303 1288 305 1291 305 1294 305 1296 305 1440 295 1523 290 1536 295 1562 303 1565 303 1568 303 1618 292 1680 279 1722 290 1728 250 1722 218 1504 202 1501 202 1499 202 1496 202 1496 204 1480 218 1480 220 1381 220 1379 220 1360 204 1357 204 1355 204 1280 204 1278 204 1275 204 1272 204 1248 220 1246 223 1051 223 1046 223 985 207 982 207 979 207 977 207 974 207 953 223 953 226 862 226 838 226 652 210 649 210 647 210 644 210 644 212 628 226 591 215 588 215 585 215 583 215 580 215 580 218 569 228 567 231 388 231 386 228 359 212 356 212 354 212 351 212 348 212 287 231 282 234 95 234 98 274"/></Shape>
	    <String CONTENT="perveniat in c. Quod commodissine fiet per liquorem"
                    HPOS="95"
                    VPOS="202"
                    WIDTH="1633"
                    HEIGHT="117"
                    WC="0.9740677288934296"></String>
          </TextLine>

          
          
          <TextLine ID="eSc_line_8a647838"
                    TAGREFS="LT11324"
                    BASELINE="93 364 364 348 1701 332" 
                    HPOS="90"
                    VPOS="279"
                    WIDTH="1611"
                    HEIGHT="136">
            <Shape><Polygon POINTS="93 393 255 399 258 399 298 391 343 380 359 388 394 412 396 412 399 412 402 415 476 415 476 412 700 385 766 407 769 407 772 407 774 407 836 377 846 372 926 372 937 377 995 404 998 404 1001 404 1003 404 1006 404 1051 377 1112 391 1115 391 1118 391 1120 391 1147 372 1152 369 1168 372 1235 383 1238 383 1328 372 1371 391 1373 391 1376 391 1379 391 1464 364 1469 364 1475 364 1578 396 1581 396 1584 396 1586 396 1648 361 1698 359 1701 332 1693 279 1437 295 1349 284 1315 282 1312 282 1310 282 1294 287 1270 295 1251 287 1232 279 1230 279 1227 279 1224 279 1195 290 1166 297 1139 290 1107 279 1104 279 1102 279 1099 279 1070 292 1046 303 995 303 987 292 977 284 977 282 974 282 971 282 969 282 966 282 931 295 910 300 878 295 812 284 809 284 806 284 777 297 764 303 753 297 721 284 718 284 716 284 583 300 487 287 484 287 481 287 423 305 410 308 378 305 239 292 236 292 90 311 93 364"/></Shape>
	    <String CONTENT="si columna fg sit liquida cui facile affunditur aliquid"
                    HPOS="90"
                    VPOS="279"
                    WIDTH="1611"
                    HEIGHT="136"
                    WC="0.9717485449530862"></String>
          </TextLine>

          
          
          <TextLine ID="eSc_line_30124b94"
                    TAGREFS="LT11324"
                    BASELINE="103 452 348 438 609 449 1914 407" 
                    HPOS="101"
                    VPOS="345"
                    WIDTH="1813"
                    HEIGHT="157">
            <Shape><Polygon POINTS="1855 364 1829 364 1802 361 1797 348 1757 364 1749 367 1741 364 1696 345 1693 345 1690 345 1688 345 1685 345 1661 367 1653 372 1648 367 1624 351 1621 351 1618 351 1616 351 1613 351 1610 351 1584 367 1570 377 1459 377 1445 372 1416 356 1413 356 1411 356 1408 356 1365 372 1344 380 1299 375 1272 372 1270 372 1267 372 1254 375 1222 385 1038 380 971 380 969 380 945 383 881 393 854 385 814 372 812 372 809 372 806 372 761 388 742 393 737 388 724 377 724 375 721 375 718 375 716 375 596 380 593 380 567 391 532 409 460 409 431 396 407 385 404 385 402 385 186 391 183 391 181 391 165 401 146 415 101 404 103 452 103 492 346 481 364 484 426 497 428 497 431 497 434 497 455 481 463 473 553 473 564 478 609 502 612 502 615 502 617 502 620 502 620 500 644 478 702 494 705 494 708 494 710 494 758 470 766 468 774 470 857 494 860 494 862 494 865 494 868 494 868 492 894 465 899 462 907 465 979 489 982 489 985 489 1392 478 1395 478 1453 460 1554 473 1557 473 1560 473 1562 473 1562 470 1594 441 1597 441 1600 441 1712 468 1714 468 1786 452 1837 465 1839 465 1842 465 1845 465 1914 431 1914 407 1909 367 1882 367"/></Shape>
	    <String CONTENT="aut adimitur. cHis ita constitutis futurum arbitr asi"
                    HPOS="101"
                    VPOS="345"
                    WIDTH="1813"
                    HEIGHT="157"
                    WC="0.9375620214444287"></String>
          </TextLine>

          
          
          <TextLine ID="eSc_line_80b4010a"
                    TAGREFS="LT11324"
                    BASELINE="103 532 1400 508 1935 484" 
                    HPOS="101"
                    VPOS="433"
                    WIDTH="1834"
                    HEIGHT="149">
            <Shape><Polygon POINTS="103 561 220 582 223 582 292 569 620 572 623 572 625 572 628 572 657 553 660 550 670 553 713 561 716 561 718 561 748 550 758 548 769 550 804 564 806 564 809 564 812 564 862 550 876 564 878 564 881 564 883 564 886 564 926 548 942 542 1019 542 1046 545 1142 561 1144 561 1291 558 1294 558 1296 558 1317 540 1320 540 1331 540 1411 556 1413 556 1507 537 1528 534 1544 537 1586 548 1589 548 1592 548 1594 548 1629 534 1656 526 1701 534 1736 540 1738 540 1770 534 1813 524 1930 529 1933 522 1935 484 1927 433 1831 454 1680 438 1656 438 1653 438 1650 438 1648 438 1648 441 1624 462 1459 446 1421 444 1419 444 1416 444 1413 444 1408 449 1379 470 1256 470 1230 454 1224 449 1222 449 1219 449 1216 449 1214 449 1195 454 1147 468 1102 457 1075 452 1073 452 1070 452 1067 452 1067 454 1062 460 1046 476 923 478 886 465 881 462 878 462 876 462 873 462 868 465 836 478 817 465 809 460 806 460 804 460 724 460 721 460 718 460 716 460 702 470 684 484 665 473 662 473 660 473 521 486 505 476 489 465 487 465 484 465 481 465 479 465 452 478 423 489 396 478 375 470 372 470 370 470 367 470 364 470 351 481 335 492 300 481 295 481 292 481 290 481 276 484 213 494 199 484 186 476 183 476 181 476 178 476 175 476 173 476 173 478 162 486 151 494 101 489 103 532"/></Shape>
	    <String CONTENT="utquantumcunque augeatur altitudo columne "
                    HPOS="101"
                    VPOS="433"
                    WIDTH="1834"
                    HEIGHT="149"
                    WC="0.9578365286191305"></String>
          </TextLine>

          
          
          <TextLine ID="eSc_line_b428fd02"
                    TAGREFS="LT11324"
                    BASELINE="98 630 806 603 1906 587" 
                    HPOS="95"
                    VPOS="521"
                    WIDTH="1812"
                    HEIGHT="149">
            <Shape><Polygon POINTS="1893 545 1783 545 1778 545 1744 521 1741 521 1738 521 1661 521 1658 521 1656 521 1653 521 1621 545 1613 550 1573 545 1459 529 1456 529 1453 529 1400 545 1368 556 1307 545 1243 537 1240 537 1238 537 1214 548 1187 561 891 564 793 548 732 540 729 540 633 542 631 542 617 550 580 572 556 550 551 545 548 545 545 545 484 545 481 545 479 545 460 550 388 572 354 553 351 553 348 553 346 553 306 572 274 556 271 556 268 556 266 556 218 580 165 553 162 553 95 553 98 630 98 670 170 659 194 670 197 670 199 670 202 670 205 670 231 651 330 665 351 667 354 667 410 662 668 635 801 649 844 651 846 651 891 646 1001 627 1070 638 1131 649 1134 649 1493 622 1632 614 1650 617 1720 635 1722 635 1725 638 1842 638 1842 635 1845 635 1847 635 1877 609 1897 608 1907 584 1906 585"/></Shape>
	    <String CONTENT="servata tantum latitudine seu crassitie eadem futurum"
                    HPOS="95"
                    VPOS="521"
                    WIDTH="1812"
                    HEIGHT="149"
                    WC="0.9841103913649073"></String>
          </TextLine>

          
          
          <TextLine ID="eSc_line_2332095d"
                    TAGREFS="LT11324"
                    BASELINE="130 715 1496 675 1839 675" 
                    HPOS="127"
                    VPOS="606"
                    WIDTH="1712"
                    HEIGHT="160">
            <Shape><Polygon POINTS="130 766 263 747 356 760 372 760 375 760 378 760 380 760 383 758 423 734 497 755 511 758 513 758 516 758 519 758 532 752 612 728 665 747 668 747 670 747 734 747 801 744 804 744 907 718 1059 718 1083 736 1089 742 1091 742 1094 742 1097 742 1158 734 1208 726 1243 731 1288 736 1291 736 1294 736 1296 736 1304 728 1323 713 1416 707 1642 707 1658 718 1661 721 1664 721 1666 721 1669 721 1672 721 1688 715 1744 699 1757 713 1767 721 1767 723 1770 723 1773 723 1775 723 1837 710 1839 675 1837 625 1767 606 1765 606 1762 606 1640 630 1581 606 1578 606 1576 606 1480 609 1477 609 1440 627 1333 614 1331 614 1192 643 1187 643 1179 643 923 625 921 625 846 627 844 627 793 654 790 657 705 657 702 657 684 641 684 638 681 638 678 638 676 638 673 638 670 638 647 659 639 659 412 665 407 665 324 641 322 641 319 641 194 670 191 670 154 646 151 646 149 646 146 646 143 646 141 646 141 649 127 662 130 715"/></Shape>
	    <String CONTENT="esse ut nunquam desendat descendere"
                    HPOS="127"
                    VPOS="606"
                    WIDTH="1712"
                    HEIGHT="160"
                    WC="0.957371814761843"></String>
          </TextLine>

          
          
          <TextLine ID="eSc_line_a81bea6e"
                    TAGREFS="LT11324"
                    BASELINE="111 808 1815 744" 
                    HPOS="109"
                    VPOS="686"
                    WIDTH="1706"
                    HEIGHT="170">
            <Shape><Polygon POINTS="1749 686 1746 686 1744 686 1613 710 1586 715 1562 713 1456 697 1453 697 1451 697 1397 715 1389 718 1381 715 1325 702 1323 702 1320 702 1317 702 1315 702 1288 718 1278 726 1254 721 1211 707 1208 707 1206 707 1203 707 1200 707 1182 721 1163 731 1038 726 995 723 993 723 966 726 862 742 838 728 825 723 822 723 820 723 817 723 814 723 806 731 790 744 740 731 716 726 713 726 710 726 660 734 529 755 484 736 473 734 471 734 468 734 444 739 383 752 332 742 319 739 316 739 220 744 218 744 173 768 109 747 111 808 114 856 175 830 324 846 359 848 362 848 364 848 391 843 431 832 476 838 524 843 527 843 529 843 532 843 532 840 535 840 540 835 545 827 569 832 604 840 607 840 689 827 820 803 894 816 961 827 963 827 966 827 1003 808 1035 792 1174 790 1195 800 1232 816 1235 816 1238 816 1307 814 1310 814 1312 814 1336 792 1341 790 1360 790 1413 795 1416 795 1419 795 1443 787 1464 779 1493 784 1600 803 1602 803 1605 803 1658 774 1661 774 1666 774 1714 790 1717 790 1720 790 1813 766 1815 744 1813 707"/></Shape>
	    <String CONTENT="possit amplius, quam praecise infra c.. Cum enim"
                    HPOS="109"
                    VPOS="686"
                    WIDTH="1706"
                    HEIGHT="170"
                    WC="0.9769625794142485"></String>
          </TextLine>

          
          
          <TextLine ID="eSc_line_700a2b87"
                    TAGREFS="LT11324"
                    BASELINE="93 872 1136 856 1850 827" 
                    HPOS="90"
                    VPOS="776"
                    WIDTH="1760"
                    HEIGHT="152">
            <Shape><Polygon POINTS="93 909 202 909 205 909 234 928 236 928 239 928 242 928 244 928 247 928 247 925 266 907 268 907 300 923 303 923 306 923 308 923 340 907 348 901 356 907 383 925 386 925 388 925 391 925 463 912 543 923 545 923 548 923 551 923 580 904 591 896 644 896 657 901 684 920 686 920 689 920 692 923 772 923 772 920 1075 912 1078 912 1115 893 1139 883 1160 893 1187 907 1190 907 1192 907 1259 893 1315 877 1515 877 1541 888 1568 899 1570 899 1573 899 1576 899 1600 885 1632 870 1818 870 1845 883 1850 827 1845 795 1704 779 1701 779 1698 779 1696 779 1672 795 1669 798 1658 795 1602 784 1600 784 1597 784 1562 798 1552 800 1536 798 1448 776 1445 776 1238 798 1158 784 1155 784 1054 803 995 814 950 803 897 792 894 792 891 792 889 792 873 806 870 806 841 792 838 792 836 792 833 792 830 792 812 806 796 816 740 806 689 798 686 798 684 798 657 808 620 822 556 811 553 811 551 811 548 811 527 824 449 808 436 808 434 808 431 808 428 808 428 811 407 827 215 824 191 814 178 808 175 808 173 808 170 808 159 814 125 832 90 814 93 872"/></Shape>
	    <String CONTENT="Elaterii vis aequi aequiponderetur destruatur aequinondio"
                    HPOS="90"
                    VPOS="776"
                    WIDTH="1760"
                    HEIGHT="152"
                    WC="0.9705499881192258"></String>
          </TextLine>

          
          
          <TextLine ID="eSc_line_4583a579"
                    TAGREFS="LT11324"
                    BASELINE="111 965 1843 904" 
                    HPOS="109"
                    VPOS="862"
                    WIDTH="1737"
                    HEIGHT="151">
            <Shape><Polygon POINTS="111 1003 186 1013 189 1013 191 1013 194 1013 194 1011 207 1000 218 992 324 995 407 997 410 997 447 989 492 981 553 981 561 987 580 1000 583 1000 585 1000 588 1003 631 1003 631 1000 633 1000 636 1000 636 997 652 984 676 997 678 997 681 997 684 997 852 992 854 992 857 992 881 973 886 968 894 973 921 987 923 987 926 989 1019 989 1019 987 1022 987 1065 965 1073 963 1078 965 1120 981 1123 981 1126 981 1128 981 1174 963 1317 976 1320 976 1323 976 1384 952 1397 949 1405 952 1464 971 1467 971 1469 971 1546 968 1549 968 1597 947 1618 963 1621 963 1624 963 1626 963 1629 963 1632 963 1632 960 1653 941 1656 941 1661 941 1725 955 1728 955 1838 935 1846 882 1842 862 1592 875 1560 872 1512 864 1509 864 1507 864 1504 864 1493 875 1488 877 1477 875 1453 867 1451 867 1448 867 1445 867 1408 877 1392 880 1376 877 1317 870 1315 870 1312 870 1267 883 1254 885 1246 883 1222 875 1219 875 1216 875 1214 875 1192 885 1184 891 710 907 694 904 639 893 636 893 633 893 593 909 588 909 569 909 460 901 457 901 455 901 452 901 452 904 441 915 439 917 319 920 316 920 300 907 298 907 295 907 292 907 181 909 109 925 111 965"/></Shape>
	    <String CONTENT="colucontra obnitentis tota vis"
                    HPOS="109"
                    VPOS="862"
                    WIDTH="1737"
                    HEIGHT="151"
                    WC="0.9453821182250977"></String>
          </TextLine>

          
          
          <TextLine ID="eSc_line_06fea601"
                    TAGREFS="LT11324"
                    BASELINE="186 1048 782 1016 1757 989" 
                    HPOS="181"
                    VPOS="933"
                    WIDTH="1576"
                    HEIGHT="163">
            <Shape><Polygon POINTS="186 1072 258 1096 260 1096 263 1096 489 1085 492 1085 495 1085 532 1064 540 1058 556 1064 580 1069 583 1069 585 1069 588 1069 620 1061 652 1053 692 1058 801 1077 804 1077 806 1077 862 1053 886 1045 923 1053 955 1058 958 1058 1001 1050 1051 1040 1062 1048 1073 1056 1073 1058 1075 1058 1078 1058 1081 1058 1083 1058 1104 1048 1110 1045 1120 1048 1184 1064 1187 1064 1190 1064 1192 1064 1195 1064 1195 1061 1214 1045 1219 1042 1230 1045 1307 1058 1310 1058 1312 1058 1355 1042 1381 1032 1403 1040 1437 1053 1440 1053 1443 1056 1499 1056 1499 1053 1501 1053 1504 1053 1523 1037 1541 1024 1754 1029 1757 989 1752 947 1653 933 1650 933 1520 955 1475 960 1461 955 1421 939 1419 939 1416 939 1355 944 1352 944 1349 944 1349 947 1336 960 1331 968 1235 968 1227 965 1190 947 1187 947 1184 947 1182 947 1131 965 1049 952 1046 952 1043 952 966 973 961 973 958 973 883 957 881 957 878 957 876 957 846 979 838 984 641 989 625 987 572 968 569 968 567 968 564 968 497 987 423 973 420 973 418 973 415 973 380 995 372 1000 181 1000 186 1048"/></Shape>
	    <String CONTENT="aequipoo in aequilibrio consistat cum pondere."
                    HPOS="181"
                    VPOS="933"
                    WIDTH="1576"
                    HEIGHT="163"
                    WC="0.9038277129116266"></String>
          </TextLine>

          
          
          <TextLine ID="eSc_line_d0c91dac"
                    TAGREFS="LT11324"
                    BASELINE="159 1122 1562 1072 1877 1072" 
                    HPOS="157"
                    VPOS="1001"
                    WIDTH="1722"
                    HEIGHT="164">
            <Shape><Polygon POINTS="1570 1011 1568 1011 1552 1016 1488 1037 1333 1029 1331 1029 1264 1042 1232 1032 1211 1024 1208 1024 1206 1024 1203 1024 1171 1034 1134 1048 1118 1037 1104 1026 1102 1026 1099 1026 1097 1026 1094 1026 1070 1040 1049 1050 1014 1042 969 1032 966 1032 963 1032 961 1032 939 1045 929 1053 910 1048 868 1034 865 1034 862 1034 860 1034 809 1053 782 1061 745 1056 670 1042 668 1042 575 1064 548 1069 535 1066 476 1048 473 1048 471 1048 468 1048 465 1048 441 1066 431 1058 428 1058 426 1058 423 1058 420 1058 418 1058 396 1072 388 1074 356 1074 202 1069 199 1069 197 1069 157 1082 159 1122 159 1146 207 1165 210 1165 213 1165 215 1165 263 1144 266 1144 274 1144 468 1165 471 1165 540 1162 543 1162 545 1162 545 1160 575 1136 577 1130 583 1133 623 1160 625 1160 628 1160 631 1160 633 1160 668 1144 708 1154 710 1154 713 1154 716 1154 718 1154 748 1130 756 1122 772 1128 836 1152 838 1152 841 1152 844 1152 881 1138 939 1149 942 1149 945 1149 1001 1122 1025 1109 1179 1106 1224 1114 1325 1136 1328 1136 1331 1136 1387 1109 1413 1098 1477 1106 1517 1112 1520 1112 1523 1112 1525 1112 1525 1109 1531 1106 1538 1098 1578 1104 1616 1109 1618 1109 1621 1109 1634 1101 1650 1096 1672 1101 1698 1109 1701 1109 1704 1109 1706 1109 1736 1098 1762 1090 1781 1098 1813 1112 1815 1112 1818 1112 1879 1099 1873 1022 1859 1001"/></Shape>
	    <String CONTENT="columnae fg. ex hypothesi, semper rum eo ae destruent."
                    HPOS="157"
                    VPOS="1001"
                    WIDTH="1722"
                    HEIGHT="164"
                    WC="0.978349530034595"></String>
          </TextLine>

          
          
          <TextLine ID="eSc_line_66ca6099"
                    TAGREFS="LT11324"
                    BASELINE="151 1202 1413 1157 1859 1166" 
                    HPOS="149"
                    VPOS="1085"
                    WIDTH="1732"
                    HEIGHT="165">
            <Shape><Polygon POINTS="151 1250 244 1247 247 1247 250 1247 284 1226 372 1234 375 1234 378 1234 436 1213 607 1237 609 1237 612 1237 652 1215 764 1218 766 1218 769 1218 825 1202 905 1202 942 1226 945 1226 947 1226 950 1226 1038 1207 1070 1223 1073 1223 1075 1223 1142 1223 1222 1218 1224 1218 1278 1191 1368 1202 1371 1202 1373 1202 1421 1189 1464 1205 1467 1205 1469 1205 1472 1205 1475 1205 1475 1202 1493 1186 1525 1197 1528 1197 1531 1197 1533 1197 1570 1181 1634 1181 1653 1197 1656 1197 1658 1197 1661 1197 1664 1197 1666 1197 1688 1178 1767 1197 1770 1197 1851 1183 1881 1122 1880 1114 1794 1114 1762 1085 1759 1085 1757 1085 1754 1085 1672 1088 1669 1088 1666 1088 1666 1090 1650 1104 1613 1090 1610 1090 1608 1090 1605 1090 1602 1090 1557 1122 1552 1122 1379 1096 1376 1096 1373 1096 1371 1096 1371 1098 1341 1125 1296 1130 1278 1130 1267 1130 1192 1120 1190 1120 1187 1120 1139 1133 1099 1117 1097 1117 1094 1117 1091 1117 1089 1117 1089 1120 1078 1128 1049 1106 1046 1106 1043 1106 998 1106 995 1106 993 1106 931 1138 846 1125 844 1125 841 1125 796 1144 793 1144 788 1144 737 1122 734 1122 732 1122 729 1122 726 1122 726 1125 702 1146 700 1149 585 1149 580 1149 505 1122 503 1122 428 1122 426 1122 423 1122 298 1157 290 1157 284 1157 189 1133 186 1133 183 1133 181 1133 149 1152 151 1202"/></Shape>
	    <String CONTENT="se mutuo ac proinde invariabilia manebunt. Et"
                    HPOS="149"
                    VPOS="1085"
                    WIDTH="1732"
                    HEIGHT="165"
                    WC="0.9756061845355564"></String>
          </TextLine>

          
          
          <TextLine ID="eSc_line_72675104"
                    TAGREFS="LT11324"
                    BASELINE="154 1293 798 1255 1728 1231" 
                    HPOS="149"
                    VPOS="1167"
                    WIDTH="1579"
                    HEIGHT="171">
            <Shape><Polygon POINTS="154 1338 205 1338 207 1338 210 1338 210 1335 234 1316 324 1332 327 1332 330 1332 407 1306 511 1327 513 1327 516 1327 519 1327 548 1301 591 1322 593 1322 596 1322 599 1322 601 1322 647 1295 726 1303 729 1303 732 1303 734 1303 734 1301 737 1301 748 1287 809 1303 812 1303 814 1303 817 1303 820 1303 820 1301 841 1285 886 1285 926 1311 929 1311 931 1311 934 1311 937 1311 939 1311 939 1308 953 1298 1099 1301 1102 1301 1104 1301 1107 1301 1147 1274 1240 1301 1243 1301 1246 1301 1248 1301 1251 1301 1291 1269 1336 1285 1339 1285 1341 1285 1549 1258 1725 1282 1728 1231 1720 1183 1597 1186 1592 1186 1493 1167 1491 1167 1488 1167 1485 1167 1467 1183 1408 1173 1405 1173 1403 1173 1371 1186 1339 1173 1336 1173 1333 1173 1184 1202 1174 1205 1086 1205 1083 1205 1049 1186 1046 1186 1043 1186 1041 1186 1001 1199 985 1186 982 1186 979 1186 977 1186 974 1186 971 1186 942 1210 939 1213 806 1215 801 1215 742 1194 740 1194 737 1194 604 1199 601 1199 599 1199 599 1202 580 1221 444 1205 441 1205 354 1213 351 1213 348 1213 327 1231 324 1234 149 1237 154 1293"/></Shape>
	    <String CONTENT="quicquid ipsis addetur aget sine impedimento rem"
                    HPOS="149"
                    VPOS="1167"
                    WIDTH="1579"
                    HEIGHT="171"
                    WC="0.9835839929680029"></String>
          </TextLine>

          
          
          <TextLine ID="eSc_line_f97ea1e2"
                    TAGREFS="LT11324"
                    BASELINE="1778 1247 1820 1247" 
                    HPOS="1778"
                    VPOS="1213"
                    WIDTH="58"
                    HEIGHT="65">
            <Shape><Polygon POINTS="1778 1271 1805 1278 1836 1215 1778 1213 1778 1247"/></Shape>
	    <String CONTENT=""
                    HPOS="1778"
                    VPOS="1213"
                    WIDTH="58"
                    HEIGHT="65"></String>
          </TextLine>

          
          
          <TextLine ID="eSc_line_bf55d5bd"
                    TAGREFS="LT11324"
                    BASELINE="165 1375 899 1335 1746 1319" 
                    HPOS="159"
                    VPOS="1266"
                    WIDTH="1587"
                    HEIGHT="154">
            <Shape><Polygon POINTS="165 1420 258 1415 260 1415 263 1415 284 1396 314 1412 316 1412 319 1412 322 1412 324 1412 354 1388 447 1410 449 1410 452 1410 455 1410 481 1391 503 1407 505 1407 508 1407 511 1407 633 1404 636 1404 639 1404 670 1378 852 1391 854 1391 857 1391 860 1391 860 1388 881 1370 977 1388 979 1388 1104 1359 1310 1356 1344 1375 1347 1378 1349 1378 1352 1378 1355 1378 1491 1375 1493 1375 1496 1375 1496 1372 1501 1370 1520 1351 1549 1367 1552 1370 1554 1370 1557 1370 1560 1370 1562 1370 1565 1370 1565 1367 1568 1367 1589 1346 1618 1364 1621 1367 1624 1367 1626 1367 1629 1367 1746 1359 1746 1319 1741 1277 1488 1266 1485 1266 1483 1266 1480 1266 1480 1269 1461 1285 1437 1271 1435 1271 1432 1271 1429 1271 1427 1271 1405 1287 1403 1290 1251 1293 1240 1293 1099 1282 1097 1282 1094 1282 1091 1282 1065 1298 1065 1301 1049 1301 963 1301 865 1287 862 1287 529 1316 396 1303 394 1303 159 1330 165 1375"/></Shape>
	    <String CONTENT="suam. Quare si augeatur columna quicquid est"
                    HPOS="159"
                    VPOS="1266"
                    WIDTH="1587"
                    HEIGHT="154"
                    WC="0.9947619492357428"></String>
          </TextLine>

          
          
          <TextLine ID="eSc_line_b9b0cfa5"
                    TAGREFS="LT11324"
                    BASELINE="167 1455 881 1423 1821 1399" 
                    HPOS="165"
                    VPOS="1335"
                    WIDTH="1656"
                    HEIGHT="170">
            <Shape><Polygon POINTS="167 1481 322 1481 489 1505 492 1505 495 1505 577 1473 633 1492 636 1492 639 1492 641 1492 726 1468 753 1463 761 1468 769 1476 772 1476 774 1476 777 1476 780 1476 809 1468 825 1463 833 1465 862 1481 865 1481 868 1481 870 1481 902 1465 913 1460 921 1465 971 1489 974 1489 977 1489 979 1489 982 1489 982 1487 998 1471 1017 1479 1019 1479 1022 1479 1025 1479 1059 1463 1081 1479 1083 1479 1086 1479 1089 1479 1091 1479 1131 1460 1152 1447 1286 1447 1315 1455 1381 1476 1384 1476 1387 1476 1440 1473 1443 1473 1445 1473 1472 1452 1483 1444 1493 1450 1515 1471 1517 1471 1520 1471 1523 1471 1821 1442 1821 1399 1820 1387 1796 1335 1738 1335 1736 1335 1733 1335 1730 1335 1728 1338 1704 1359 1650 1343 1648 1343 1645 1343 1642 1343 1640 1343 1640 1346 1621 1364 1395 1370 1341 1356 1315 1348 1312 1348 1310 1348 1307 1348 1275 1359 1227 1375 1171 1364 1131 1356 1128 1356 1126 1356 1104 1367 1099 1370 1078 1367 987 1359 985 1359 982 1359 979 1359 963 1372 953 1383 937 1375 923 1370 921 1370 918 1370 915 1370 913 1370 913 1372 907 1375 897 1386 878 1378 854 1370 852 1370 849 1370 846 1370 822 1380 812 1386 809 1380 796 1370 796 1367 793 1367 790 1367 788 1367 662 1370 660 1370 657 1370 633 1388 631 1391 628 1388 615 1378 615 1375 612 1375 609 1375 607 1375 604 1375 553 1391 484 1378 481 1378 479 1378 418 1399 407 1402 394 1399 292 1383 290 1383 165 1410 167 1455"/></Shape>
	    <String CONTENT="ultra fg descendet infra fg. idque quousque per"
                    HPOS="165"
                    VPOS="1335"
                    WIDTH="1656"
                    HEIGHT="170"
                    WC="0.9769121066052863"></String>
          </TextLine>

          
          
          <TextLine ID="eSc_line_fe955eac"
                    TAGREFS="LT11324"
                    BASELINE="146 1540 822 1508 1844 1487" 
                    HPOS="143"
                    VPOS="1426"
                    WIDTH="1704"
                    HEIGHT="157">
            <Shape><Polygon POINTS="146 1569 159 1580 162 1580 165 1580 167 1580 335 1559 399 1583 402 1583 404 1583 607 1577 609 1577 668 1548 673 1545 841 1543 844 1543 868 1564 870 1564 873 1564 876 1564 878 1564 921 1540 923 1540 926 1540 995 1564 998 1564 1001 1564 1003 1564 1051 1545 1144 1561 1147 1561 1150 1561 1152 1561 1152 1559 1171 1543 1214 1548 1216 1548 1219 1548 1272 1532 1280 1529 1286 1529 1336 1545 1339 1545 1341 1545 1344 1545 1347 1545 1347 1543 1363 1529 1365 1527 1445 1527 1501 1551 1504 1551 1507 1551 1509 1551 1512 1551 1538 1529 1592 1535 1594 1535 1597 1535 1626 1521 1632 1519 1642 1521 1759 1543 1762 1543 1765 1543 1838 1517 1847 1467 1844 1440 1837 1426 1746 1428 1744 1428 1741 1428 1704 1450 1600 1434 1586 1434 1584 1434 1581 1434 1578 1434 1578 1436 1562 1452 1355 1457 1286 1447 1246 1442 1243 1442 1240 1442 1211 1450 1168 1463 1136 1452 1126 1450 1123 1450 1120 1450 1094 1455 1035 1468 1014 1457 998 1450 995 1450 993 1450 990 1450 987 1450 974 1460 961 1468 926 1463 876 1452 873 1452 801 1465 753 1476 700 1471 644 1465 641 1465 639 1465 615 1473 593 1481 567 1476 505 1463 503 1463 428 1465 426 1465 391 1484 380 1489 143 1492 146 1540"/></Shape>
	    <String CONTENT="naturam Elateriam tensionis capax est. Hinc patet"
                    HPOS="143"
                    VPOS="1426"
                    WIDTH="1704"
                    HEIGHT="157"
                    WC="0.9842338671489638"></String>
          </TextLine>

          
          
          <TextLine ID="eSc_line_67a7efc5_b"
                    TAGREFS="LT11324"
                    BASELINE="141 1617 1791 1572 1829 1570" 
                    HPOS="138"
                    VPOS="1513"
                    WIDTH="1698"
                    HEIGHT="160">
            <Shape><Polygon POINTS="1562 1535 1483 1535 1480 1532 1453 1513 1451 1513 1448 1513 1445 1513 1310 1516 1171 1543 1136 1551 1014 1551 1006 1548 993 1537 990 1537 987 1537 985 1537 982 1537 979 1537 966 1551 961 1556 883 1556 873 1553 820 1532 817 1532 814 1532 548 1540 545 1540 471 1567 457 1572 378 1572 351 1569 210 1551 207 1551 205 1551 138 1575 141 1617 141 1662 210 1657 231 1662 276 1673 279 1673 282 1673 354 1660 428 1644 489 1654 561 1668 564 1668 567 1668 609 1652 657 1633 732 1633 876 1646 977 1654 979 1654 982 1654 985 1654 1001 1644 1022 1628 1099 1622 1243 1630 1246 1630 1248 1630 1304 1617 1368 1630 1371 1630 1666 1604 1709 1622 1712 1622 1714 1622 1836 1600 1828 1567 1836 1527"/></Shape>
	    <String CONTENT="Elaterii ivim posse altitudine mensurari"
                    HPOS="138"
                    VPOS="1513"
                    WIDTH="1698"
                    HEIGHT="160"
                    WC="0.9636981934309006"></String>
          </TextLine>

          
          
          <TextLine ID="eSc_line_6cf48254"
                    TAGREFS="LT11324"
                    BASELINE="133 1702 1714 1652" 
                    HPOS="130"
                    VPOS="1598"
                    WIDTH="1584"
                    HEIGHT="152">
            <Shape><Polygon POINTS="133 1737 159 1750 162 1750 165 1750 298 1747 649 1718 660 1718 662 1718 710 1734 713 1734 716 1734 718 1734 721 1734 721 1732 742 1716 750 1716 905 1721 907 1721 910 1721 958 1708 963 1708 966 1708 1003 1724 1006 1724 1009 1724 1097 1710 1126 1721 1128 1721 1131 1721 1134 1721 1136 1721 1155 1705 1208 1716 1211 1716 1214 1716 1216 1716 1216 1713 1219 1713 1227 1700 1283 1697 1389 1694 1395 1694 1456 1710 1459 1710 1461 1710 1464 1710 1538 1689 1546 1689 1552 1689 1629 1705 1632 1705 1634 1705 1714 1684 1714 1652 1709 1604 1637 1598 1634 1598 1632 1598 1629 1598 1621 1606 1602 1620 1469 1612 1373 1606 1371 1606 1368 1606 1365 1606 1365 1609 1357 1617 1347 1630 1270 1630 1256 1620 1248 1612 1246 1612 1243 1612 1240 1612 1238 1612 1208 1622 1184 1630 1176 1622 1166 1614 1163 1614 1160 1614 1158 1614 1051 1617 993 1630 945 1641 913 1633 870 1622 868 1622 865 1622 862 1622 830 1636 812 1644 750 1638 628 1630 625 1630 623 1630 593 1646 583 1652 447 1657 423 1652 370 1638 367 1638 364 1638 362 1638 330 1657 319 1662 130 1662 133 1702"/></Shape>
	    <String CONTENT="ex crassitie ponderis data. At si Elaterium sit"
                    HPOS="130"
                    VPOS="1598"
                    WIDTH="1584"
                    HEIGHT="152"
                    WC="0.9892906521229033"></String>
          </TextLine>

          
          
          <TextLine ID="eSc_line_1f7ccc85"
                    TAGREFS="LT11324"
                    BASELINE="119 1790 1852 1733" 
                    HPOS="117"
                    VPOS="1665"
                    WIDTH="1737"
                    HEIGHT="184">
            <Shape><Polygon POINTS="122 1849 213 1846 215 1846 218 1846 218 1843 236 1827 322 1841 354 1843 356 1843 359 1843 362 1843 362 1841 367 1838 383 1819 489 1809 585 1827 609 1830 612 1830 615 1830 617 1830 623 1825 652 1806 684 1817 686 1817 689 1817 692 1817 766 1798 812 1814 838 1825 841 1825 844 1827 915 1827 915 1825 918 1825 979 1806 1038 1790 1136 1798 1139 1798 1142 1798 1147 1798 1235 1782 1307 1790 1376 1798 1379 1798 1381 1798 1413 1787 1437 1806 1440 1806 1443 1806 1445 1806 1560 1787 1629 1801 1632 1801 1701 1795 1704 1795 1706 1795 1738 1769 1851 1762 1854 1682 1831 1686 1821 1681 1789 1665 1786 1665 1783 1665 1666 1684 1621 1692 1594 1686 1536 1673 1533 1673 1472 1676 1469 1676 1467 1676 1467 1678 1453 1689 1448 1694 1429 1689 1376 1678 1373 1678 1294 1694 1216 1708 1179 1697 1150 1686 1147 1686 1144 1686 1142 1686 1139 1686 1139 1689 1136 1689 1131 1697 1126 1702 1112 1697 1097 1689 1094 1689 1091 1689 1089 1689 1059 1700 1014 1713 897 1702 830 1697 828 1697 825 1697 822 1697 812 1705 782 1721 748 1705 737 1702 734 1702 732 1702 729 1702 726 1702 726 1705 724 1705 705 1721 660 1708 657 1708 655 1708 652 1708 644 1708 532 1729 508 1710 505 1710 503 1710 500 1710 497 1710 495 1710 468 1734 340 1737 276 1716 271 1716 268 1716 266 1716 263 1716 258 1718 181 1742 117 1721 119 1790"/></Shape>
	    <String CONTENT="liquidum, ut aer Tubo fe subjectus nihil refert quanta"
                    HPOS="117"
                    VPOS="1665"
                    WIDTH="1737"
                    HEIGHT="184"
                    WC="0.9808704842019964"></String>
          </TextLine>

          
          
          <TextLine ID="eSc_line_5727c8a0"
                    TAGREFS="LT11324"
                    BASELINE="149 1878 1791 1817" 
                    HPOS="146"
                    VPOS="1769"
                    WIDTH="1645"
                    HEIGHT="165">
            <Shape><Polygon POINTS="149 1920 220 1915 236 1920 268 1934 271 1934 274 1934 276 1934 279 1934 300 1918 322 1904 383 1915 431 1923 434 1923 436 1923 471 1912 513 1896 543 1910 572 1923 575 1923 577 1923 580 1923 620 1907 649 1894 676 1904 705 1915 708 1915 710 1915 862 1912 865 1912 905 1894 937 1878 1038 1878 1062 1888 1075 1894 1078 1894 1081 1894 1128 1886 1219 1870 1251 1881 1262 1886 1264 1886 1267 1886 1270 1886 1288 1881 1323 1867 1347 1878 1379 1891 1381 1891 1384 1891 1576 1886 1578 1886 1581 1886 1581 1883 1597 1867 1608 1857 1629 1867 1658 1881 1661 1881 1664 1881 1791 1859 1791 1817 1786 1782 1645 1769 1642 1769 1640 1769 1602 1785 1570 1771 1568 1771 1565 1771 1562 1771 1499 1790 1499 1793 1280 1798 1254 1777 1251 1777 1248 1777 1246 1777 1243 1777 1240 1777 1211 1801 1208 1803 1190 1803 1176 1803 1150 1779 1147 1779 1144 1779 1142 1779 969 1787 966 1787 918 1811 915 1811 806 1793 804 1793 801 1793 798 1793 798 1795 777 1817 724 1795 721 1795 718 1795 716 1795 631 1817 577 1803 575 1803 572 1803 569 1803 503 1827 500 1827 471 1806 468 1806 465 1806 463 1806 370 1809 367 1809 364 1809 364 1811 343 1833 338 1833 228 1814 226 1814 223 1814 220 1814 194 1838 191 1841 146 1841 149 1878"/></Shape>
	    <String CONTENT="sit ponderis f vel tubi fe crassities, quia"
                    HPOS="146"
                    VPOS="1769"
                    WIDTH="1645"
                    HEIGHT="165"
                    WC="0.9799950206002523"></String>
          </TextLine>

          
          
          <TextLine ID="eSc_line_b59a8869"
                    TAGREFS="LT11324"
                    BASELINE="151 1963 1884 1904" 
                    HPOS="146"
                    VPOS="1843"
                    WIDTH="1752"
                    HEIGHT="168">
            <Shape><Polygon POINTS="151 2011 545 1979 575 1995 588 2006 591 2006 593 2006 596 2006 673 1992 710 1984 732 1990 780 2000 782 2000 785 2000 788 2000 836 1984 868 1974 961 1979 1003 1979 1006 1979 1033 1974 1102 1960 1139 1968 1195 1984 1198 1984 1200 1984 1323 1982 1325 1982 1328 1982 1355 1960 1365 1950 1501 1947 1531 1952 1634 1971 1637 1971 1789 1952 1810 1966 1813 1966 1815 1966 1818 1966 1821 1966 1823 1966 1858 1936 1861 1936 1898 1936 1898 1934 1894 1931 1869 1867 1829 1867 1786 1843 1783 1843 1781 1843 1778 1843 1775 1843 1733 1870 1730 1873 1528 1875 1525 1875 1504 1859 1501 1859 1499 1859 1496 1859 1413 1878 1397 1881 1392 1878 1373 1862 1373 1859 1371 1859 1368 1859 1365 1859 1363 1859 1360 1859 1344 1873 1299 1859 1296 1859 1294 1859 1139 1865 1136 1865 1134 1865 1118 1878 969 1870 966 1870 963 1870 961 1870 931 1888 926 1891 918 1888 891 1878 889 1878 886 1878 883 1878 881 1878 881 1881 870 1888 857 1899 785 1891 732 1886 729 1886 668 1894 575 1907 561 1896 551 1888 551 1886 548 1886 545 1886 505 1886 503 1886 500 1886 497 1886 479 1899 471 1902 457 1899 415 1888 412 1888 410 1888 407 1888 404 1888 404 1891 394 1899 375 1915 146 1907 151 1963"/></Shape>
	    <String CONTENT="hi quor in tubo arcto tantum potet quantum in crasso."
                    HPOS="146"
                    VPOS="1843"
                    WIDTH="1752"
                    HEIGHT="168"
                    WC="0.9604685587703057"></String>
          </TextLine>

          
          
          <TextLine ID="eSc_line_91dd3553"
                    TAGREFS="LT11324"
                    BASELINE="159 2061 588 2035 1813 1995" 
                    HPOS="154"
                    VPOS="1931"
                    WIDTH="1659"
                    HEIGHT="173">
            <Shape><Polygon POINTS="159 2104 311 2085 332 2099 335 2101 338 2101 340 2101 343 2101 444 2096 447 2096 460 2093 537 2072 572 2088 585 2093 588 2093 591 2093 593 2093 596 2093 607 2085 628 2072 670 2083 694 2088 697 2088 700 2088 873 2083 937 2069 985 2059 1030 2064 1094 2072 1097 2072 1158 2059 1200 2048 1251 2053 1310 2059 1312 2059 1315 2059 1336 2048 1349 2043 1379 2048 1467 2061 1469 2061 1472 2061 1475 2061 1496 2045 1509 2056 1512 2056 1515 2056 1517 2056 1634 2035 1648 2032 1653 2032 1712 2053 1714 2053 1717 2053 1720 2053 1813 2024 1813 1995 1807 1939 1794 1931 1791 1931 1789 1931 1786 1931 1754 1944 1712 1960 1632 1950 1565 1939 1562 1939 1344 1947 1341 1947 1339 1947 1323 1960 1302 1976 1254 1976 1190 1963 1142 1955 1139 1955 1136 1955 1134 1955 1134 1958 1123 1966 1112 1976 1099 1968 1086 1958 1083 1958 1081 1958 1078 1958 1075 1958 1051 1968 1022 1984 966 1974 953 1971 950 1971 926 1974 814 1992 761 1979 726 1971 724 1971 721 1971 718 1971 697 1982 668 1998 636 1984 623 1979 620 1979 617 1979 615 1979 612 1979 604 1984 577 2000 545 1987 529 1982 527 1982 524 1982 521 1982 497 1990 447 2006 154 2003 159 2061"/></Shape>
	    <String CONTENT="Hoc experimentum si experimento comprobatur Mercurii"
                    HPOS="154"
                    VPOS="1931"
                    WIDTH="1659"
                    HEIGHT="173"
                    WC="0.9884213793736237"></String>
          </TextLine>

          
          
          <TextLine ID="eSc_line_7a48579d"
                    TAGREFS="LT11324"
                    BASELINE="146 2147 1155 2099 1918 2083" 
                    HPOS="143"
                    VPOS="2016"
                    WIDTH="1780"
                    HEIGHT="176">
            <Shape><Polygon POINTS="146 2192 284 2192 284 2189 287 2189 308 2184 375 2160 497 2157 561 2171 588 2176 591 2176 593 2176 596 2176 604 2168 623 2155 686 2165 694 2165 697 2165 700 2165 702 2165 721 2149 782 2160 830 2168 833 2168 836 2168 862 2157 894 2144 993 2152 1089 2157 1091 2157 1198 2141 1283 2128 1310 2136 1339 2144 1341 2144 1344 2144 1347 2144 1349 2144 1365 2133 1376 2125 1384 2133 1408 2147 1411 2147 1413 2147 1416 2147 1544 2141 1546 2141 1549 2141 1568 2125 1621 2139 1624 2139 1626 2139 1629 2139 1632 2139 1632 2136 1650 2120 1656 2112 1701 2112 1746 2115 1882 2128 1885 2128 1887 2128 1906 2117 1923 2068 1917 2016 1754 2035 1677 2027 1618 2019 1616 2019 1512 2032 1403 2048 1310 2043 1195 2035 1192 2035 1190 2035 1187 2035 1171 2048 1160 2059 982 2064 961 2059 921 2045 918 2045 915 2045 804 2064 761 2072 737 2067 681 2056 678 2056 676 2056 636 2072 623 2077 593 2075 489 2061 487 2061 484 2061 415 2083 402 2085 383 2083 276 2069 274 2069 143 2093 146 2147"/></Shape>
	    <String CONTENT="suspensionem liquidi in Tubo Torricelliano egregie illustrat"
                    HPOS="143"
                    VPOS="2016"
                    WIDTH="1780"
                    HEIGHT="176"
                    WC="0.9758484899997711"></String>
          </TextLine>

          
          
          <TextLine ID="eSc_line_953ac0eb"
                    TAGREFS="LT11324"
                    BASELINE="143 2237 686 2202 1861 2157" 
                    HPOS="141"
                    VPOS="2096"
                    WIDTH="1720"
                    HEIGHT="189">
            <Shape><Polygon POINTS="143 2266 173 2285 175 2285 178 2285 181 2285 183 2285 213 2272 244 2282 247 2282 250 2282 252 2282 356 2253 364 2253 367 2253 404 2272 407 2272 410 2272 524 2250 580 2240 625 2248 655 2250 657 2250 660 2250 673 2245 689 2237 705 2245 732 2256 734 2256 737 2256 740 2256 742 2256 742 2253 756 2242 764 2234 782 2242 820 2258 822 2258 825 2258 828 2258 830 2258 857 2240 876 2253 878 2253 881 2253 883 2253 886 2253 889 2253 910 2240 931 2226 1030 2234 1038 2234 1041 2234 1046 2234 1136 2216 1182 2216 1206 2229 1219 2240 1222 2240 1224 2240 1227 2240 1381 2234 1384 2234 1387 2234 1400 2224 1421 2208 1472 2221 1499 2229 1501 2229 1504 2229 1557 2226 1560 2226 1562 2226 1570 2218 1608 2194 1712 2192 1749 2208 1752 2208 1754 2208 1757 2208 1759 2208 1759 2205 1781 2189 1855 2210 1861 2157 1855 2115 1794 2096 1791 2096 1789 2096 1677 2099 1674 2099 1624 2115 1570 2104 1568 2104 1565 2104 1488 2131 1488 2133 1413 2136 1357 2136 1310 2115 1307 2115 1304 2115 1224 2131 1110 2125 1107 2125 1104 2125 1102 2125 1102 2128 1083 2147 1057 2133 1054 2133 1051 2133 1049 2133 1046 2133 1027 2152 1011 2152 931 2155 929 2155 865 2141 862 2141 718 2163 647 2144 644 2144 641 2144 532 2165 460 2152 457 2152 455 2152 394 2176 316 2165 314 2165 311 2165 308 2165 308 2168 306 2168 295 2181 295 2184 141 2186 143 2237"/></Shape>
	    <String CONTENT="ostendit enim cur nunquam eadem semper sit altitudo"
                    HPOS="141"
                    VPOS="2096"
                    WIDTH="1720"
                    HEIGHT="189"
                    WC="0.9952339892293892"></String>
          </TextLine>

          
          
          <TextLine ID="eSc_line_1d34cdbc"
                    TAGREFS="LT11324"
                    BASELINE="143 2304 1821 2245" 
                    HPOS="141"
                    VPOS="2186"
                    WIDTH="1680"
                    HEIGHT="165">
            <Shape><Polygon POINTS="143 2335 252 2327 298 2333 412 2351 415 2351 418 2351 489 2333 508 2349 511 2349 513 2349 516 2349 676 2343 793 2325 862 2335 865 2335 868 2335 913 2312 937 2325 939 2325 942 2325 945 2325 982 2309 1001 2325 1003 2325 1006 2325 1009 2325 1011 2325 1014 2325 1035 2306 1043 2301 1081 2306 1198 2320 1200 2320 1203 2320 1254 2298 1264 2296 1288 2298 1437 2317 1440 2317 1499 2314 1501 2314 1504 2314 1504 2312 1525 2288 1533 2280 1682 2277 1696 2282 1709 2293 1712 2293 1714 2293 1717 2293 1720 2293 1722 2293 1738 2282 1749 2274 1818 2277 1821 2245 1813 2186 1589 2192 1586 2192 1570 2197 1512 2221 1459 2202 1440 2197 1437 2197 1435 2197 1432 2197 1411 2205 1357 2229 1243 2229 1216 2216 1200 2208 1198 2208 1134 2208 1131 2208 1062 2216 1059 2216 1057 2216 1057 2218 1049 2224 1035 2240 889 2240 881 2232 865 2221 865 2218 862 2218 860 2218 857 2218 854 2218 852 2218 852 2221 836 2234 822 2248 665 2250 652 2245 633 2234 631 2234 628 2234 492 2253 444 2258 420 2256 351 2248 348 2248 276 2264 274 2264 271 2264 228 2250 226 2250 223 2250 141 2269 143 2304"/></Shape>
	    <String CONTENT="Mercurii suspensi, quantacunque fuerit quantitas delapsi"
                    HPOS="141"
                    VPOS="2186"
                    WIDTH="1680"
                    HEIGHT="165"
                    WC="0.9914460522787911"></String>
          </TextLine>

          
          
          <TextLine ID="eSc_line_c0f923f1"
                    TAGREFS="LT11324"
                    BASELINE="146 2394 1857 2336" 
                    HPOS="141"
                    VPOS="2277"
                    WIDTH="1723"
                    HEIGHT="157">
            <Shape><Polygon POINTS="146 2434 303 2434 306 2434 316 2429 383 2402 615 2415 625 2415 652 2415 678 2415 710 2413 844 2389 865 2405 876 2413 878 2413 881 2413 883 2413 886 2413 907 2402 945 2383 1057 2394 1102 2399 1104 2399 1131 2399 1158 2399 1184 2397 1211 2397 1315 2383 1323 2383 1325 2383 1427 2394 1429 2394 1432 2394 1488 2375 1504 2370 1544 2373 1712 2386 1714 2386 1717 2386 1775 2362 1797 2354 1813 2359 1845 2370 1847 2370 1850 2370 1853 2370 1864 2363 1845 2293 1849 2280 1810 2298 1730 2280 1714 2277 1712 2277 1570 2282 1568 2282 1565 2282 1565 2285 1562 2285 1562 2288 1549 2301 1493 2296 1491 2296 1488 2296 1485 2296 1485 2298 1469 2314 1384 2314 1341 2296 1325 2290 1323 2290 1320 2290 1317 2290 1296 2298 1243 2320 1214 2301 1211 2301 1208 2301 1206 2301 1203 2301 1198 2304 1158 2325 1070 2325 1043 2309 1041 2306 1038 2306 1035 2306 1033 2306 1030 2306 1027 2306 1025 2309 1001 2330 820 2330 806 2320 796 2312 796 2309 793 2309 790 2309 788 2309 785 2309 782 2309 769 2322 748 2338 527 2341 511 2333 492 2320 489 2320 487 2320 484 2320 481 2320 434 2335 399 2346 364 2338 303 2325 300 2325 298 2325 295 2325 268 2343 255 2351 205 2354 194 2346 183 2338 183 2335 181 2335 178 2335 175 2335 173 2335 141 2343 146 2394"/></Shape>
	    <String CONTENT="Quia sive pondus aeris liheri sioc Elaterium aeris ampli"
                    HPOS="141"
                    VPOS="2277"
                    WIDTH="1723"
                    HEIGHT="157"
                    WC="0.9745596679193633"></String>
          </TextLine>

          
          
          <TextLine ID="eSc_line_8f24ce6b"
                    TAGREFS="LT11324"
                    BASELINE="199 2471 1230 2439" 
                    HPOS="197"
                    VPOS="2410"
                    WIDTH="1033"
                    HEIGHT="104">
            <Shape><Polygon POINTS="649 2421 633 2421 197 2426 199 2471 199 2498 306 2498 348 2514 351 2514 354 2514 447 2511 449 2511 452 2511 452 2508 468 2495 537 2508 540 2508 543 2508 580 2490 702 2503 705 2503 708 2503 745 2484 748 2484 955 2495 958 2495 1230 2468 1230 2439 1222 2410 676 2418 676 2421"/></Shape>
	    <String CONTENT="Nam pondus aeris liberi"
                    HPOS="197"
                    VPOS="2410"
                    WIDTH="1033"
                    HEIGHT="104"
                    WC="0.9944431470788043"></String>
          </TextLine>

          
          
          <TextLine ID="eSc_line_d1751ef1"
                    TAGREFS="LT11324"
                    BASELINE="583 2421 689 2418" 
                    HPOS="580"
                    VPOS="2389"
                    WIDTH="109"
                    HEIGHT="61">
            <Shape><Polygon POINTS="585 2450 639 2437 681 2447 689 2418 681 2389 580 2389 583 2421"/></Shape>
	    <String CONTENT=""
                    HPOS="580"
                    VPOS="2389"
                    WIDTH="109"
                    HEIGHT="61"></String>
          </TextLine>

          
          
          <TextLine ID="eSc_line_b2331457"
                    TAGREFS="LT11324"
                    BASELINE="1030 2407 1235 2399" 
                    HPOS="1027"
                    VPOS="2362"
                    WIDTH="208"
                    HEIGHT="72">
            <Shape><Polygon POINTS="1110 2362 1027 2375 1030 2407 1030 2434 1232 2426 1235 2399 1230 2370 1152 2362 1134 2362"/></Shape>
	    <String CONTENT="columna"
                    HPOS="1027"
                    VPOS="2362"
                    WIDTH="208"
                    HEIGHT="72"
                    WC="0.996212933744703"></String>
          </TextLine>

          
          
          <TextLine ID="eSc_line_3c3f0b2e"
                    TAGREFS="LT11324"
                    BASELINE="1304 2431 1475 2415 1876 2406" 
                    HPOS="1302"
                    VPOS="2351"
                    WIDTH="584"
                    HEIGHT="123">
            <Shape><Polygon POINTS="1818 2370 1791 2351 1789 2351 1786 2351 1783 2351 1781 2351 1778 2351 1744 2373 1698 2357 1696 2357 1693 2357 1531 2359 1528 2359 1477 2378 1448 2367 1445 2367 1443 2367 1302 2389 1304 2431 1304 2474 1472 2447 1600 2458 1626 2461 1629 2461 1632 2461 1634 2461 1640 2458 1661 2442 1682 2455 1685 2458 1688 2458 1690 2458 1693 2458 1786 2455 1789 2455 1791 2455 1791 2453 1797 2447 1810 2437 1886 2441 1866 2370"/></Shape>
	    <String CONTENT="aeris liberi"
                    HPOS="1302"
                    VPOS="2351"
                    WIDTH="584"
                    HEIGHT="123"
                    WC="0.9941586156686147"></String>
          </TextLine>

          
          
          <TextLine ID="eSc_line_0e788ab4"
                    TAGREFS="LT11324"
                    BASELINE="130 2540 644 2530 1565 2487 1881 2495" 
                    HPOS="127"
                    VPOS="2439"
                    WIDTH="1757"
                    HEIGHT="157">
            <Shape><Polygon POINTS="130 2580 202 2596 205 2596 266 2594 268 2594 271 2594 300 2575 311 2570 324 2575 351 2586 354 2586 356 2586 359 2586 394 2572 399 2572 407 2572 471 2586 473 2586 639 2567 742 2554 772 2562 798 2570 801 2570 804 2570 891 2559 985 2546 1011 2554 1043 2567 1046 2567 1049 2567 1134 2551 1203 2538 1238 2548 1272 2559 1275 2559 1278 2559 1357 2543 1435 2530 1488 2540 1507 2543 1509 2546 1650 2546 1650 2543 1653 2543 1656 2543 1666 2535 1682 2524 1744 2524 1754 2532 1762 2540 1765 2540 1767 2540 1770 2540 1858 2530 1884 2489 1879 2439 1419 2439 1416 2439 1413 2439 1347 2458 1331 2461 1304 2458 1182 2447 1179 2447 1091 2466 1089 2468 705 2482 689 2482 580 2468 577 2468 575 2468 543 2487 540 2487 535 2487 463 2476 460 2476 457 2476 418 2492 412 2495 290 2495 268 2479 266 2479 263 2479 260 2479 127 2500 130 2540"/></Shape>
	    <String CONTENT="aequiponderat altitudini Mercurii; inc se mutuo destruunt,"
                    HPOS="127"
                    VPOS="2439"
                    WIDTH="1757"
                    HEIGHT="157"
                    WC="0.9333954957024805"></String>
          </TextLine>

          
          
          <TextLine ID="eSc_line_89895c90"
                    TAGREFS="LT11324"
                    BASELINE="135 2625 1762 2554" 
                    HPOS="130"
                    VPOS="2508"
                    WIDTH="1632"
                    HEIGHT="165">
            <Shape><Polygon POINTS="135 2649 247 2673 250 2673 252 2673 303 2649 391 2663 394 2663 396 2663 476 2639 553 2660 556 2660 559 2660 793 2625 828 2620 841 2623 913 2644 915 2644 918 2644 1006 2639 1009 2639 1059 2615 1073 2607 1325 2599 1344 2604 1397 2617 1400 2617 1403 2617 1405 2617 1408 2617 1408 2615 1411 2615 1421 2599 1427 2591 1472 2591 1485 2599 1512 2617 1515 2617 1517 2617 1520 2617 1762 2586 1762 2554 1757 2511 1608 2524 1581 2516 1557 2508 1554 2508 1552 2508 1549 2508 1546 2508 1531 2519 1512 2530 1488 2519 1477 2516 1475 2516 1472 2516 1469 2516 1448 2522 1395 2535 1357 2524 1344 2522 1341 2522 1339 2522 1336 2522 1320 2527 1272 2540 1240 2530 1219 2522 1216 2522 1214 2522 1211 2522 1187 2532 1155 2546 1126 2532 1123 2532 1120 2532 1118 2532 1102 2535 1019 2551 1003 2538 995 2532 993 2532 990 2532 987 2532 913 2535 910 2535 891 2543 852 2559 790 2546 769 2543 766 2543 734 2548 676 2559 596 2554 553 2551 551 2551 548 2551 535 2556 489 2575 439 2562 436 2562 434 2562 431 2562 428 2562 407 2580 250 2586 130 2572 135 2625"/></Shape>
	    <String CONTENT="et quicquid addis ultra addis a pondere aeris quippejam"
                    HPOS="130"
                    VPOS="2508"
                    WIDTH="1632"
                    HEIGHT="165"
                    WC="0.9924497463486411"></String>
          </TextLine>

          
          
          <TextLine ID="eSc_line_4424539d"
                    TAGREFS="LT11324"
                    BASELINE="1224 2612 1278 2612" 
                    HPOS="1224"
                    VPOS="2578"
                    WIDTH="54"
                    HEIGHT="61">
            <Shape><Polygon POINTS="1224 2578 1224 2612 1224 2639 1278 2633 1278 2612 1275 2578 1251 2578"/></Shape>
	    <String CONTENT=""
                    HPOS="1224"
                    VPOS="2578"
                    WIDTH="54"
                    HEIGHT="61"></String>
          </TextLine>

          
          
          <TextLine ID="eSc_line_79cf1493"
                    TAGREFS="LT11324"
                    BASELINE="141 2716 1123 2652 1783 2628" 
                    HPOS="138"
                    VPOS="2572"
                    WIDTH="1645"
                    HEIGHT="189">
            <Shape><Polygon POINTS="1227 2615 1219 2607 1089 2607 1086 2607 1083 2607 1081 2607 1081 2610 1078 2610 1073 2617 1049 2599 1046 2599 1043 2599 1041 2599 849 2610 569 2649 564 2649 559 2649 247 2644 244 2644 242 2644 239 2644 239 2647 213 2671 138 2673 141 2716 143 2758 197 2743 215 2753 226 2761 228 2761 231 2761 234 2761 346 2756 348 2756 351 2756 367 2745 399 2724 457 2737 505 2748 508 2748 511 2748 540 2732 572 2713 670 2708 697 2721 700 2721 702 2721 705 2721 708 2721 758 2703 785 2716 814 2729 817 2729 820 2729 822 2729 873 2711 913 2692 1136 2681 1222 2687 1421 2697 1424 2697 1568 2689 1570 2689 1648 2660 1701 2681 1704 2681 1706 2681 1709 2681 1783 2647 1783 2628 1778 2583 1698 2572 1696 2572 1461 2599 1459 2599 1456 2599 1336 2583 1333 2583 1331 2583 1328 2583 1294 2607 1256 2607 1254 2615"/></Shape>
	    <String CONTENT="destructo non impeditur. Eab   vis est ponderis"
                    HPOS="138"
                    VPOS="2572"
                    WIDTH="1645"
                    HEIGHT="189"
                    WC="0.8765419311028846"></String>
          </TextLine>

          
          
          <TextLine ID="eSc_line_0c951f1c"
                    TAGREFS="LT11324"
                    BASELINE="141 2790 1227 2721 1722 2705" 
                    HPOS="135"
                    VPOS="2649"
                    WIDTH="1587"
                    HEIGHT="171">
            <Shape><Polygon POINTS="141 2820 503 2817 505 2817 532 2804 551 2796 561 2804 572 2812 575 2812 577 2812 580 2812 583 2812 585 2812 599 2801 617 2788 926 2772 947 2785 961 2790 963 2790 966 2790 1054 2780 1240 2753 1347 2764 1371 2766 1373 2766 1376 2766 1384 2764 1421 2743 1448 2758 1451 2758 1453 2758 1456 2758 1459 2758 1523 2740 1573 2753 1576 2753 1578 2753 1581 2753 1584 2753 1610 2737 1720 2745 1722 2705 1717 2660 1650 2649 1648 2649 1645 2649 1642 2649 1624 2663 1618 2665 1584 2665 1472 2663 1469 2663 1419 2673 1392 2679 1365 2676 1262 2663 1259 2663 1256 2663 1254 2663 1219 2684 1208 2689 1200 2684 1171 2671 1168 2671 1166 2671 1075 2673 1073 2673 1033 2692 1030 2695 1025 2692 998 2679 995 2679 993 2679 881 2697 857 2687 854 2687 852 2687 849 2687 846 2687 846 2689 830 2703 825 2708 812 2703 790 2695 788 2695 785 2695 782 2695 780 2695 780 2697 777 2697 772 2705 764 2713 726 2708 665 2697 662 2697 535 2705 532 2705 505 2719 473 2735 420 2735 404 2724 399 2719 396 2719 394 2719 391 2719 388 2719 364 2724 295 2745 244 2745 226 2732 220 2727 218 2727 215 2727 213 2727 135 2735 141 2790"/></Shape>
	    <String CONTENT="virium est pondus aeris liberi et Elaterium comprimi"
                    HPOS="135"
                    VPOS="2649"
                    WIDTH="1587"
                    HEIGHT="171"
                    WC="0.96183164532368"></String>
          </TextLine>

          
          
          <TextLine ID="eSc_line_d10c6937"
                    TAGREFS="LT11324"
                    BASELINE="141 2854 836 2828 1243 2796 1709 2780 1774 2769" 
                    HPOS="138"
                    VPOS="2724"
                    WIDTH="1664"
                    HEIGHT="165">
            <Shape><Polygon POINTS="141 2886 314 2873 372 2878 479 2889 481 2889 484 2889 487 2889 508 2870 511 2870 516 2870 593 2884 596 2884 599 2884 644 2865 662 2857 686 2862 748 2876 750 2876 889 2870 891 2870 931 2854 1003 2862 1006 2862 1009 2862 1051 2844 1065 2838 1134 2838 1136 2838 1171 2857 1174 2857 1176 2857 1251 2841 1437 2844 1440 2844 1443 2844 1488 2820 1493 2817 1581 2812 1661 2812 1664 2812 1704 2830 1706 2830 1709 2830 1712 2830 1802 2804 1802 2784 1757 2760 1767 2727 1722 2740 1645 2729 1610 2724 1608 2724 1541 2735 1472 2745 1432 2740 1387 2735 1384 2735 1381 2735 1379 2735 1379 2737 1371 2743 1357 2756 1286 2748 1222 2743 1219 2743 1216 2743 1187 2753 1163 2764 1134 2756 1097 2748 1094 2748 1091 2748 1089 2748 1057 2761 1030 2772 963 2766 862 2758 860 2758 692 2766 689 2766 647 2785 631 2790 607 2788 553 2777 551 2777 548 2777 519 2790 508 2798 138 2812 141 2854"/></Shape>
	    <String CONTENT="ultra renitentis clausi. Quia aer noster. cultra"
                    HPOS="138"
                    VPOS="2724"
                    WIDTH="1664"
                    HEIGHT="165"
                    WC="0.9574169404804707"></String>
          </TextLine>

          
          
          <TextLine ID="eSc_line_36c03faf_b"
                    TAGREFS="LT11324"
                    BASELINE="141 2931 1890 2849 2186 2843" 
                    HPOS="138"
                    VPOS="2801"
                    WIDTH="2063"
                    HEIGHT="173">
            <Shape><Polygon POINTS="2159 2817 2132 2817 2106 2817 2079 2817 2052 2817 2026 2817 1999 2817 1973 2817 1946 2817 1919 2817 1893 2817 1866 2817 1839 2817 1837 2806 1778 2801 1775 2801 1597 2820 1594 2820 1592 2820 1363 2817 1360 2817 1278 2830 1206 2844 1163 2836 1150 2833 1147 2833 1073 2838 798 2860 668 2852 620 2849 617 2849 553 2854 383 2873 138 2870 141 2931 141 2971 481 2974 484 2974 487 2974 537 2958 596 2942 673 2955 684 2955 686 2955 689 2955 692 2955 692 2953 718 2939 772 2950 817 2961 820 2961 822 2961 870 2947 971 2921 1054 2942 1086 2950 1089 2950 1091 2950 1094 2950 1136 2939 1248 2910 1344 2931 1371 2937 1373 2937 1376 2937 1395 2931 1477 2900 2007 2881 2066 2900 2068 2900 2071 2900 2190 2892 2201 2888 2178 2817"/></Shape>
	    <String CONTENT="ut est in statu suo ordinario comprimi ultra ab incumbente aeris massa"
                    HPOS="138"
                    VPOS="2801"
                    WIDTH="2063"
                    HEIGHT="173"
                    WC="0.989760593857084"></String>
          </TextLine>

          
          
          <TextLine ID="eSc_line_5333ad78"
                    TAGREFS="LT11324"
                    BASELINE="141 3011 473 2985 1581 2945 1783 2919" 
                    HPOS="138"
                    VPOS="2870"
                    WIDTH="2052"
                    HEIGHT="197">
            <Shape><Polygon POINTS="2156 2870 2130 2870 2103 2870 2076 2870 2050 2870 2023 2870 1999 2892 1973 2894 1946 2894 1919 2897 1893 2897 1866 2900 1839 2905 1826 2881 1696 2876 1693 2876 1690 2876 1629 2894 1610 2902 1389 2910 1349 2907 1211 2897 1208 2897 1107 2921 1083 2926 993 2926 628 2926 625 2926 623 2926 620 2926 599 2942 596 2947 532 2947 521 2947 436 2934 434 2934 431 2934 428 2934 428 2937 410 2953 407 2955 356 2955 346 2955 258 2939 255 2939 138 2963 141 3011 143 3067 220 3033 314 3046 316 3046 319 3046 386 3014 441 3014 492 3046 497 3051 500 3051 503 3051 505 3051 508 3051 532 3043 604 3025 729 3030 732 3030 734 3030 790 3006 838 3027 862 3035 865 3035 868 3035 1158 3014 1160 3014 1182 3006 1235 2985 1278 3001 1310 3011 1312 3011 1315 3011 1317 3011 1355 2995 1387 2982 1419 2993 1469 3009 1472 3009 1475 3009 1477 3009 1570 2982 1616 2971 1648 2979 1730 2995 1733 2995 1736 2995 1774 2978 1784 2910 2090 2930 2190 2892 2188 2870 2183 2870"/></Shape>
	    <String CONTENT=""
                    HPOS="138"
                    VPOS="2870"
                    WIDTH="2052"
                    HEIGHT="197"></String>
          </TextLine>

          
          
          <TextLine ID="eSc_line_7df5cab2"
                    TAGREFS="LT11324"
                    BASELINE="117 3083 865 3054" 
                    HPOS="114"
                    VPOS="2993"
                    WIDTH="751"
                    HEIGHT="133">
            <Shape><Polygon POINTS="117 3126 226 3123 228 3123 231 3123 255 3104 308 3120 314 3123 316 3123 319 3123 322 3123 330 3120 399 3094 449 3107 452 3107 455 3107 457 3107 527 3088 862 3096 865 3054 857 2993 511 3030 426 3022 338 3014 335 3014 332 3014 295 3033 279 3038 244 3035 183 3030 181 3030 114 3043 117 3083"/></Shape>
	    <String CONTENT="in aequilibrio constitit."
                    HPOS="114"
                    VPOS="2993"
                    WIDTH="751"
                    HEIGHT="133"
                    WC="0.9907323503494263"></String>
          </TextLine>

          
          
          <TextLine ID="eSc_line_20786a7b"
                    TAGREFS="LT11324"
                    BASELINE="1528 3030 1693 3025" 
                    HPOS="1525"
                    VPOS="2971"
                    WIDTH="168"
                    HEIGHT="88">
            <Shape><Polygon POINTS="1528 3059 1693 3059 1693 3025 1688 2982 1525 2971 1528 3030"/></Shape>
	    <String CONTENT=" l."
                    HPOS="1525"
                    VPOS="2971"
                    WIDTH="168"
                    HEIGHT="88"
                    WC="0.6794887284437815"></String>
          </TextLine>

          
          
          <TextLine ID="eSc_line_0a87e4fa"
                    TAGREFS="LT11324"
                    BASELINE="186 3192 894 3144 1693 3118" 
                    HPOS="178"
                    VPOS="3041"
                    WIDTH="1515"
                    HEIGHT="202">
            <Shape><Polygon POINTS="186 3229 250 3243 252 3243 255 3243 258 3243 258 3240 274 3227 290 3213 508 3213 511 3213 628 3195 702 3195 726 3211 740 3219 742 3219 745 3219 748 3219 865 3213 868 3213 870 3213 881 3205 902 3192 995 3200 1062 3205 1065 3205 1227 3197 1230 3197 1232 3197 1238 3192 1248 3182 1267 3190 1280 3195 1283 3195 1286 3195 1288 3195 1291 3195 1299 3190 1349 3158 1397 3158 1520 3174 1523 3174 1525 3174 1528 3174 1544 3163 1573 3179 1576 3179 1578 3179 1581 3179 1584 3179 1621 3152 1690 3174 1693 3118 1688 3056 1618 3041 1616 3041 1613 3041 1610 3041 1538 3064 1496 3078 1483 3067 1469 3054 1467 3054 1464 3054 1461 3054 1413 3056 1411 3056 1352 3072 1280 3091 1243 3075 1208 3062 1206 3062 1203 3062 1059 3067 1022 3070 1019 3070 1017 3070 1017 3072 1001 3086 979 3104 828 3102 825 3102 729 3118 665 3099 628 3088 625 3088 623 3088 620 3088 617 3088 617 3091 604 3102 580 3123 476 3112 473 3112 340 3136 258 3136 234 3118 226 3110 223 3110 220 3110 218 3110 215 3110 178 3118 186 3192"/></Shape>
	    <String CONTENT="Experim. III. Et ut appareat plus etiam Mercurii"
                    HPOS="178"
                    VPOS="3041"
                    WIDTH="1515"
                    HEIGHT="202"
                    WC="0.9790401980280876"></String>
          </TextLine>

          
          
          <TextLine ID="eSc_line_be4583bd"
                    TAGREFS="LT11324"
                    BASELINE="186 3280 726 3245 1693 3216" 
                    HPOS="183"
                    VPOS="3155"
                    WIDTH="1510"
                    HEIGHT="165">
            <Shape><Polygon POINTS="186 3317 290 3320 292 3320 295 3320 327 3312 364 3301 391 3307 428 3317 431 3317 434 3317 436 3317 476 3304 532 3283 572 3299 599 3309 601 3309 604 3309 607 3309 609 3309 609 3307 625 3296 628 3291 641 3293 657 3299 660 3299 662 3299 665 3299 689 3291 742 3277 782 3288 804 3291 806 3291 862 3283 899 3277 907 3280 934 3293 937 3293 939 3293 942 3293 945 3293 945 3291 961 3277 969 3272 987 3275 1011 3280 1014 3280 1017 3280 1043 3272 1089 3261 1118 3269 1192 3288 1195 3288 1198 3288 1336 3256 1368 3251 1381 3256 1445 3277 1448 3277 1451 3277 1573 3275 1576 3275 1693 3237 1693 3216 1685 3155 1618 3174 1592 3160 1589 3160 1586 3160 1584 3160 1581 3160 1562 3179 1488 3179 1453 3163 1435 3155 1432 3155 1429 3155 1427 3155 1392 3166 1368 3174 1341 3168 1323 3166 1320 3166 1317 3166 1315 3166 1310 3171 1283 3190 1046 3195 1019 3182 1009 3176 1006 3176 1003 3176 886 3187 692 3208 647 3197 599 3187 596 3187 593 3187 556 3200 279 3200 276 3200 274 3200 271 3200 252 3213 236 3227 183 3219 186 3280"/></Shape>
	    <String CONTENT="quam Tubi Torricelliani altitudo capit delabi posse;"
                    HPOS="183"
                    VPOS="3155"
                    WIDTH="1510"
                    HEIGHT="165"
                    WC="0.9907509031204077"></String>
          </TextLine>

          
          
          <TextLine ID="eSc_line_eddb0269"
                    TAGREFS="LT11324"
                    BASELINE="186 3373 1054 3320 1709 3301" 
                    HPOS="181"
                    VPOS="3224"
                    WIDTH="1531"
                    HEIGHT="181">
            <Shape><Polygon POINTS="186 3400 351 3389 391 3392 511 3405 513 3405 516 3405 569 3384 575 3381 596 3381 780 3392 782 3392 907 3365 921 3362 945 3362 1102 3368 1104 3368 1107 3368 1110 3368 1136 3352 1184 3370 1187 3370 1190 3370 1299 3346 1485 3357 1488 3357 1491 3357 1531 3336 1592 3344 1594 3344 1597 3344 1600 3344 1616 3328 1661 3344 1664 3344 1666 3344 1669 3344 1708 3325 1710 3279 1712 3268 1706 3224 1645 3243 1624 3235 1621 3235 1618 3235 1616 3235 1613 3235 1613 3237 1584 3264 1432 3267 1381 3243 1373 3240 1371 3240 1368 3240 1365 3240 1339 3245 1208 3280 1168 3256 1160 3251 1158 3251 1155 3251 1152 3251 1107 3253 1104 3253 1102 3253 1102 3256 1094 3261 1070 3285 1019 3267 995 3259 993 3259 990 3259 947 3261 945 3261 942 3261 942 3264 934 3272 921 3283 878 3275 828 3267 825 3267 822 3267 820 3267 804 3280 769 3301 639 3291 607 3288 604 3288 601 3288 591 3293 556 3312 532 3296 511 3283 508 3283 505 3283 503 3283 500 3283 439 3301 383 3320 181 3320 186 3373"/></Shape>
	    <String CONTENT="Est in fig. 1. vas D. plenum Mercurio cogitetur."
                    HPOS="181"
                    VPOS="3224"
                    WIDTH="1531"
                    HEIGHT="181"
                    WC="0.9500724971294403"></String>
          </TextLine>

          
          
          <TextLine ID="eSc_line_2510335b"
                    TAGREFS="LT11324"
                    BASELINE="194 3464 266 3450 1059 3410 1696 3386" 
                    HPOS="189"
                    VPOS="3323"
                    WIDTH="1507"
                    HEIGHT="191">
            <Shape><Polygon POINTS="202 3514 220 3501 279 3509 308 3511 311 3511 314 3511 316 3511 324 3506 362 3480 487 3495 537 3501 540 3501 631 3485 713 3472 726 3480 748 3490 750 3490 753 3490 756 3490 788 3474 833 3453 897 3453 918 3466 929 3477 931 3477 934 3477 937 3477 939 3477 942 3477 942 3474 953 3464 969 3448 1062 3445 1120 3453 1168 3461 1171 3461 1174 3461 1200 3450 1219 3466 1219 3469 1222 3469 1224 3469 1227 3469 1230 3469 1291 3453 1333 3464 1336 3464 1339 3464 1341 3464 1344 3464 1379 3440 1520 3456 1523 3456 1525 3456 1528 3456 1528 3453 1538 3445 1552 3453 1554 3453 1557 3453 1560 3453 1562 3453 1565 3453 1565 3450 1584 3432 1608 3442 1610 3442 1613 3442 1616 3442 1696 3416 1696 3386 1690 3336 1664 3323 1661 3323 1658 3323 1517 3328 1515 3328 1512 3328 1488 3349 1480 3357 1341 3362 1323 3357 1275 3344 1272 3344 1270 3344 1062 3349 1059 3349 1057 3349 1057 3352 1033 3373 1027 3376 1009 3373 942 3368 939 3368 937 3368 934 3368 934 3370 931 3370 926 3378 923 3381 918 3378 889 3370 886 3370 883 3370 785 3386 780 3386 777 3386 761 3370 758 3370 756 3370 753 3370 750 3370 710 3389 702 3394 588 3397 585 3397 569 3381 567 3381 564 3381 561 3381 559 3381 527 3400 524 3400 521 3400 426 3378 423 3378 420 3378 359 3408 189 3416 194 3464"/></Shape>
	    <String CONTENT="Aperiatur Epistomium F Mercurius qui effluet"
                    HPOS="189"
                    VPOS="3323"
                    WIDTH="1507"
                    HEIGHT="191"
                    WC="0.9782354736869986"></String>
          </TextLine>

          
          
          <TextLine ID="eSc_line_96b3e306_c"
                    TAGREFS="LT11324"
                    BASELINE="1837 3405 2020 3389 2843 3368" 
                    HPOS="1836"
                    VPOS="3320"
                    WIDTH="1007"
                    HEIGHT="149">
            <Shape><Polygon POINTS="2766 3344 2739 3336 2713 3328 2686 3320 2659 3320 2633 3320 2609 3320 2598 3328 2590 3323 2580 3323 2553 3325 2526 3325 2500 3325 2473 3328 2462 3328 2452 3336 2449 3338 2399 3338 2388 3338 2351 3323 2290 3325 2257 3341 2255 3341 2224 3327 2208 3327 2045 3346 1991 3349 1967 3352 1941 3354 1914 3357 1887 3360 1861 3386 1858 3368 1836 3391 1837 3405 1837 3469 1863 3469 1890 3466 1917 3466 1919 3466 1922 3466 1925 3464 1978 3426 2023 3426 2100 3426 2156 3453 2159 3453 2162 3453 2311 3416 2465 3416 2497 3442 2502 3448 2505 3448 2508 3448 2510 3448 2691 3442 2694 3442 2718 3434 2769 3418 2841 3429 2843 3368 2835 3362 2819 3362 2793 3354"/></Shape>
	    <String CONTENT="BF ultia subjecto val horizonem"
                    HPOS="1836"
                    VPOS="3320"
                    WIDTH="1007"
                    HEIGHT="149"
                    WC="0.9677620530128479"></String>
          </TextLine>

          
          
          <TextLine ID="eSc_line_f6d24fd3"
                    TAGREFS="LT11324"
                    BASELINE="210 3533 2252 3458" 
                    HPOS="207"
                    VPOS="3408"
                    WIDTH="2045"
                    HEIGHT="197">
            <Shape><Polygon POINTS="2204 3442 2178 3440 2151 3437 2124 3437 2098 3434 2071 3434 2044 3432 2018 3429 1991 3429 1962 3426 1935 3426 1911 3424 1853 3434 1829 3418 1802 3418 1775 3416 1773 3408 1749 3408 1746 3408 1637 3413 1634 3413 1632 3413 1584 3445 1549 3429 1546 3429 1544 3429 1467 3442 1411 3421 1408 3421 1405 3421 1403 3421 1310 3456 1304 3456 1275 3456 1238 3456 1206 3432 1203 3432 1200 3432 1091 3432 1089 3432 958 3437 955 3437 878 3469 870 3474 764 3474 756 3474 673 3450 670 3450 668 3450 665 3450 662 3450 617 3480 612 3482 465 3485 463 3485 418 3461 415 3461 412 3461 410 3461 340 3487 332 3493 266 3493 260 3490 244 3477 242 3477 239 3477 236 3477 234 3477 207 3487 210 3533 210 3602 252 3605 255 3605 258 3605 268 3599 359 3557 500 3557 537 3583 540 3583 543 3583 551 3586 601 3586 604 3586 607 3586 615 3581 676 3546 883 3541 937 3565 966 3578 969 3578 971 3578 974 3578 1033 3559 1115 3533 1267 3546 1299 3549 1302 3549 1333 3543 1408 3527 1429 3538 1445 3546 1448 3546 1451 3546 1453 3546 1491 3535 1523 3557 1525 3557 1528 3557 1531 3559 1568 3559 1594 3559 1594 3557 1597 3557 1600 3557 1632 3533 1672 3551 1674 3551 1677 3551 2026 3541 2024 3526 2078 3517 2100 3503 2111 3495 2211 3494 2237 3489 2252 3488 2252 3458 2247 3442 2231 3442"/></Shape>
	    <String CONTENT="quantum cunque Mercurii efflcat semper tamen extabit"
                    HPOS="207"
                    VPOS="3408"
                    WIDTH="2045"
                    HEIGHT="197"
                    WC="0.9758703341850867"></String>
          </TextLine>

          
          
          <TextLine ID="eSc_line_1a712eb5"
                    TAGREFS="LT11324"
                    BASELINE="162 3621 1618 3562" 
                    HPOS="159"
                    VPOS="3509"
                    WIDTH="1459"
                    HEIGHT="149">
            <Shape><Polygon POINTS="162 3652 439 3639 449 3644 476 3658 479 3658 481 3658 484 3658 487 3658 505 3642 516 3634 529 3642 543 3647 545 3647 548 3647 551 3647 583 3639 615 3631 628 3636 652 3650 655 3650 657 3650 756 3647 758 3647 804 3631 825 3623 854 3628 918 3639 921 3639 923 3639 926 3639 942 3623 950 3621 977 3623 1006 3626 1009 3626 1011 3626 1014 3626 1019 3621 1035 3613 1083 3618 1155 3628 1158 3628 1160 3628 1195 3615 1219 3605 1235 3613 1251 3621 1254 3621 1256 3621 1259 3621 1299 3610 1328 3602 1347 3607 1381 3621 1384 3621 1387 3621 1485 3618 1488 3618 1491 3618 1491 3615 1509 3602 1512 3599 1523 3602 1584 3613 1586 3613 1589 3613 1618 3597 1618 3562 1610 3509 1475 3527 1413 3517 1373 3511 1371 3511 1368 3511 1339 3522 1299 3533 1256 3525 1222 3519 1219 3519 1168 3530 1115 3541 1086 3533 1051 3525 1049 3525 1046 3525 1043 3525 1041 3525 1025 3535 1009 3549 947 3549 926 3541 899 3530 897 3530 894 3530 686 3538 684 3538 681 3538 681 3541 668 3554 662 3562 543 3565 500 3562 354 3551 351 3551 348 3551 292 3573 282 3578 159 3578 162 3621"/></Shape>
	    <String CONTENT="manebit BF. Apertum maneat Epistomium"
                    HPOS="159"
                    VPOS="3509"
                    WIDTH="1459"
                    HEIGHT="149"
                    WC="0.9895381283115696"></String>
          </TextLine>

          
          
          <TextLine ID="eSc_line_8b9dcc97"
                    TAGREFS="LT11324"
                    BASELINE="157 3722 1150 3666 1983 3642" 
                    HPOS="151"
                    VPOS="3581"
                    WIDTH="1832"
                    HEIGHT="196">
            <Shape><Polygon POINTS="1935 3599 1909 3597 1882 3594 1855 3589 1829 3586 1807 3581 1786 3599 1783 3602 1674 3602 1672 3602 1634 3581 1632 3581 1629 3581 1568 3581 1565 3581 1496 3586 1493 3586 1491 3586 1451 3610 1443 3615 1424 3613 1331 3591 1328 3591 1325 3591 1235 3618 1208 3626 1198 3621 1168 3605 1166 3605 1163 3605 1160 3605 1091 3623 1070 3628 1054 3626 990 3607 987 3607 985 3607 982 3607 937 3628 913 3642 862 3642 846 3631 814 3615 812 3615 809 3615 806 3615 764 3634 734 3650 553 3655 529 3642 508 3628 505 3628 503 3628 500 3628 151 3655 157 3722 157 3764 194 3777 197 3777 199 3777 202 3777 205 3777 205 3775 220 3762 234 3748 263 3762 279 3767 282 3767 284 3767 287 3767 303 3759 346 3738 513 3732 553 3751 585 3764 588 3764 591 3764 692 3762 694 3762 697 3762 718 3746 753 3719 929 3714 974 3735 977 3735 979 3735 985 3735 1104 3706 1144 3730 1155 3738 1158 3738 1160 3738 1163 3738 1387 3727 1389 3727 1392 3727 1400 3719 1419 3706 1459 3719 1480 3724 1483 3724 1485 3724 1488 3724 1507 3716 1581 3684 1653 3684 1701 3708 1712 3714 1714 3714 1717 3714 1967 3699 1983 3687 1983 3642 1973 3610 1962 3605"/></Shape>
	    <String CONTENT="donec Mercurius pene omnis ex vase, D efflnat residua"
                    HPOS="151"
                    VPOS="3581"
                    WIDTH="1832"
                    HEIGHT="196"
                    WC="0.9686646506471454"></String>
          </TextLine>

          
          
          <TextLine ID="eSc_line_2bb07235"
                    TAGREFS="LT11324"
                    BASELINE="173 3809 449 3777 1413 3743 1594 3722" 
                    HPOS="167"
                    VPOS="3692"
                    WIDTH="1427"
                    HEIGHT="147">
            <Shape><Polygon POINTS="173 3839 452 3807 529 3815 532 3815 535 3815 537 3815 551 3801 575 3815 575 3817 577 3817 580 3817 583 3817 585 3817 588 3817 588 3815 591 3815 604 3799 636 3812 639 3812 641 3812 644 3812 647 3812 652 3812 713 3788 833 3799 923 3807 926 3807 929 3807 931 3807 955 3791 977 3777 1011 3788 1065 3801 1067 3801 1070 3801 1176 3775 1184 3775 1190 3775 1246 3793 1248 3793 1251 3793 1341 3785 1344 3785 1347 3785 1347 3783 1371 3764 1376 3756 1488 3756 1517 3756 1544 3772 1546 3772 1549 3772 1552 3772 1554 3772 1594 3748 1594 3722 1589 3692 1187 3714 1176 3711 1110 3692 1107 3692 1104 3692 1014 3695 1011 3695 1009 3695 1009 3698 987 3722 942 3724 939 3722 897 3700 894 3700 891 3700 766 3706 678 3711 676 3711 673 3711 644 3738 593 3714 591 3714 588 3714 537 3716 535 3716 532 3716 532 3719 508 3743 410 3722 407 3722 404 3722 402 3722 367 3748 220 3743 218 3743 215 3743 167 3759 173 3809"/></Shape>
	    <String CONTENT="Ajo Mercurium omnem effluxurum, neo"
                    HPOS="167"
                    VPOS="3692"
                    WIDTH="1427"
                    HEIGHT="147"
                    WC="0.9887111357280186"></String>
          </TextLine>

          
          
          <TextLine ID="eSc_line_0c644a12"
                    TAGREFS="LT11324"
                    BASELINE="146 3884 766 3841 1693 3807" 
                    HPOS="143"
                    VPOS="3738"
                    WIDTH="1550"
                    HEIGHT="188">
            <Shape><Polygon POINTS="149 3926 210 3897 279 3897 306 3916 306 3918 308 3918 311 3918 314 3918 316 3918 332 3916 391 3900 441 3908 481 3913 484 3913 692 3903 694 3903 748 3889 822 3868 857 3879 860 3879 862 3879 955 3863 971 3873 987 3889 990 3889 993 3889 995 3889 1099 3865 1134 3857 1144 3863 1155 3868 1158 3868 1160 3868 1163 3868 1166 3868 1176 3860 1190 3852 1198 3860 1203 3865 1206 3865 1208 3865 1211 3865 1325 3852 1357 3865 1360 3865 1363 3865 1365 3865 1443 3844 1461 3839 1488 3841 1658 3857 1661 3857 1664 3857 1666 3857 1666 3855 1693 3828 1693 3807 1688 3743 1666 3738 1664 3738 1661 3738 1658 3738 1656 3738 1656 3740 1648 3748 1632 3767 1605 3767 1586 3751 1578 3743 1576 3743 1573 3743 1570 3743 1504 3746 1501 3746 1499 3746 1499 3748 1488 3756 1483 3764 1320 3780 1243 3770 1208 3767 1206 3767 1203 3767 1200 3767 1200 3770 1198 3770 1195 3772 1184 3788 1147 3791 1062 3791 1046 3783 1019 3770 1017 3770 1014 3770 918 3788 886 3775 883 3775 881 3775 750 3793 593 3788 591 3788 588 3788 585 3788 585 3791 564 3809 559 3817 516 3817 505 3815 460 3796 457 3796 455 3796 380 3809 364 3799 362 3799 359 3799 356 3799 354 3799 351 3799 308 3825 303 3828 143 3833 146 3884"/></Shape>
	    <String CONTENT="in vase D. suspensum iri, nisi Epistomio clauso"
                    HPOS="143"
                    VPOS="3738"
                    WIDTH="1550"
                    HEIGHT="188"
                    WC="0.9700739611970618"></String>
          </TextLine>

          
          
          <TextLine ID="eSc_line_b576ddc5"
                    TAGREFS="LT11324"
                    BASELINE="165 3948 593 3945 1706 3889 1908 3899" 
                    HPOS="162"
                    VPOS="3825"
                    WIDTH="1820"
                    HEIGHT="184">
            <Shape><Polygon POINTS="1890 3860 1882 3847 1773 3825 1770 3825 1767 3825 1680 3849 1645 3839 1642 3839 1640 3839 1637 3839 1634 3839 1634 3841 1616 3860 1573 3841 1570 3841 1568 3841 1408 3868 1397 3868 1392 3868 1235 3847 1232 3847 1230 3847 1227 3847 1227 3849 1198 3876 1195 3879 1102 3881 1097 3879 1062 3860 1059 3860 1057 3860 1054 3860 1017 3881 1011 3884 915 3887 905 3884 838 3863 836 3863 833 3863 830 3863 764 3889 750 3895 740 3889 718 3881 716 3881 713 3881 604 3895 537 3903 500 3897 388 3881 386 3881 383 3881 332 3903 327 3905 319 3905 236 3887 234 3887 231 3887 162 3908 165 3948 165 3980 242 3980 244 3982 271 4004 274 4004 276 4004 362 4009 364 4009 418 4006 420 4006 423 4006 455 3980 500 4001 503 4001 505 4001 833 3990 836 3990 894 3961 910 3953 939 3961 1003 3974 1006 3974 1009 3974 1067 3956 1099 3945 1120 3953 1136 3961 1139 3961 1142 3961 1144 3961 1176 3953 1195 3948 1200 3950 1216 3964 1219 3964 1222 3964 1224 3964 1227 3964 1230 3964 1251 3950 1270 3940 1408 3945 1432 3945 1435 3945 1437 3945 1440 3945 1472 3932 1501 3942 1544 3958 1546 3958 1549 3958 1552 3958 1589 3940 1602 3934 1624 3940 1701 3956 1704 3956 1706 3956 1754 3934 1783 3921 1805 3932 1805 3934 1807 3934 1810 3934 1813 3934 1815 3934 1818 3934 1818 3932 1839 3918 1855 3932 1871 3942 1874 3942 1877 3942 1879 3942 1980 3926 1982 3911 1910 3910 1899 3863"/></Shape>
	    <String CONTENT="fluxus sistatur. Quo facto Etsi ergo aer in vasea"
                    HPOS="162"
                    VPOS="3825"
                    WIDTH="1820"
                    HEIGHT="184"
                    WC="0.930856929141648"></String>
          </TextLine>

          
          
          <TextLine ID="eSc_line_adba5207"
                    TAGREFS="LT11324"
                    BASELINE="173 4030 444 4030 1632 3982 2267 3982" 
                    HPOS="173"
                    VPOS="3918"
                    WIDTH="2096"
                    HEIGHT="163">
            <Shape><Polygon POINTS="2247 3972 2220 3966 2194 3964 2167 3958 2140 3956 2114 3950 2087 3945 2060 3942 2034 3937 2026 3926 1933 3918 1930 3918 1746 3924 1645 3945 1472 3932 1469 3932 1467 3932 1395 3956 1371 3961 1325 3956 1192 3940 1190 3940 1078 3961 1003 3974 963 3964 915 3948 913 3948 910 3948 809 3966 710 3982 641 3969 639 3969 636 3969 633 3969 631 3969 607 3988 519 3988 487 3972 473 3961 471 3961 468 3961 465 3961 375 3964 372 3964 351 3974 316 3990 255 3974 231 3969 228 3969 226 3969 223 3969 220 3969 213 3974 199 3985 175 3977 173 4030 173 4062 351 4081 354 4081 356 4081 439 4057 452 4054 460 4057 521 4073 524 4073 527 4073 766 4049 769 4049 822 4065 825 4065 828 4065 918 4044 937 4038 1235 4033 1243 4036 1264 4049 1267 4049 1270 4049 1373 4052 1376 4052 1515 4046 1517 4046 1520 4046 1544 4030 1826 4038 1829 4038 1831 4038 1871 4020 1885 4014 2034 4014 2039 4014 2055 4028 2058 4028 2060 4028 2063 4028 2130 4014 2159 4006 2172 4012 2204 4028 2207 4028 2209 4028 2212 4028 2215 4028 2241 4009 2249 4006 2269 4006 2267 3976"/></Shape>
	    <String CONTENT="tendatur non tamen Mercurrius in eo suspensus manebit ad altdine"
                    HPOS="173"
                    VPOS="3918"
                    WIDTH="2096"
                    HEIGHT="163"
                    WC="0.9637472508475184"></String>
          </TextLine>

          
          
          <TextLine ID="eSc_line_80948892"
                    TAGREFS="LT11324"
                    BASELINE="151 4110 1168 4094 1846 4063" 
                    HPOS="149"
                    VPOS="4009"
                    WIDTH="1820"
                    HEIGHT="149">
            <Shape><Polygon POINTS="1933 4017 1906 4049 1879 4022 1855 4028 1818 4009 1815 4009 1813 4009 1810 4009 1807 4009 1805 4009 1759 4025 1717 4012 1712 4012 1709 4012 1706 4012 1704 4012 1701 4012 1650 4036 1581 4017 1578 4017 1576 4017 1573 4017 1493 4044 1110 4052 1075 4030 1073 4030 1070 4030 1017 4030 1014 4030 1011 4030 998 4033 915 4060 822 4060 796 4038 793 4038 790 4038 729 4038 726 4038 649 4041 647 4041 639 4044 599 4065 569 4046 567 4044 564 4044 561 4044 559 4044 521 4046 338 4070 279 4054 268 4052 266 4052 263 4052 149 4057 151 4110 151 4150 348 4134 375 4145 412 4158 415 4158 418 4158 649 4134 668 4134 676 4134 825 4147 828 4147 830 4147 873 4126 878 4123 883 4126 910 4145 913 4145 915 4145 918 4145 921 4145 923 4145 953 4126 1107 4139 1110 4139 1112 4139 1115 4139 1144 4118 1216 4118 1357 4131 1360 4131 1363 4131 1365 4131 1403 4110 1413 4102 1512 4102 1520 4105 1549 4121 1552 4121 1680 4123 1682 4123 1685 4123 1783 4097 1797 4091 1830 4091 1849 4057 1969 4051 1962 4014 1959 4014"/></Shape>
	    <String CONTENT="illam. Quemadmodum, contra maneret suspensus ad"
                    HPOS="149"
                    VPOS="4009"
                    WIDTH="1820"
                    HEIGHT="149"
                    WC="0.9548362747151801"></String>
          </TextLine>

          
          
          <TextLine ID="eSc_line_0500d8c4"
                    TAGREFS="LT11324"
                    BASELINE="117 4185 995 4174 1629 4150 1805 4133" 
                    HPOS="114"
                    VPOS="4089"
                    WIDTH="1699"
                    HEIGHT="143">
            <Shape><Polygon POINTS="1802 4094 1733 4089 1730 4089 1728 4089 1725 4089 1725 4091 1717 4099 1709 4107 1698 4099 1696 4097 1693 4097 1690 4097 1688 4097 1685 4097 1677 4099 1658 4110 1642 4102 1629 4091 1626 4091 1624 4091 1621 4091 1618 4091 1594 4102 1581 4107 1570 4102 1549 4094 1546 4094 1544 4094 1381 4097 1379 4097 1376 4097 1376 4099 1373 4099 1365 4110 1360 4115 1333 4110 1267 4099 1264 4099 1208 4102 1206 4102 1203 4102 1203 4105 1190 4115 1187 4121 1179 4115 1160 4107 1158 4107 1155 4107 1152 4107 1150 4107 1136 4118 1123 4126 921 4129 907 4123 876 4110 873 4110 870 4110 868 4110 820 4126 804 4131 782 4129 702 4113 700 4113 697 4113 694 4113 694 4115 676 4131 673 4134 668 4131 612 4115 609 4115 607 4115 604 4115 601 4115 577 4134 572 4139 463 4139 444 4139 268 4123 266 4123 263 4123 260 4123 231 4145 175 4126 173 4126 170 4126 167 4126 114 4147 114 4150 117 4185 117 4211 375 4227 378 4227 380 4227 418 4208 572 4232 575 4232 734 4227 737 4227 796 4198 804 4195 817 4198 910 4224 913 4224 915 4224 1011 4222 1014 4222 1078 4195 1123 4219 1126 4219 1128 4219 1219 4216 1222 4216 1278 4190 1286 4185 1328 4185 1336 4187 1360 4206 1363 4206 1365 4206 1368 4206 1371 4206 1373 4206 1400 4187 1405 4182 1413 4185 1437 4195 1440 4195 1443 4195 1445 4195 1475 4185 1493 4179 1594 4179 1610 4182 1714 4206 1717 4206 1720 4206 1810 4180 1794 4152 1813 4119"/></Shape>
	    <String CONTENT="altitudinem consuetam si ex vase D. recta non per"
                    HPOS="114"
                    VPOS="4089"
                    WIDTH="1699"
                    HEIGHT="143"
                    WC="0.9889517341341291"></String>
          </TextLine>

          
          
          <TextLine ID="eSc_line_9c7e49e2"
                    TAGREFS="LT11324"
                    BASELINE="151 4254 441 4262 1799 4235" 
                    HPOS="149"
                    VPOS="4174"
                    WIDTH="1650"
                    HEIGHT="141">
            <Shape><Polygon POINTS="151 4283 319 4286 391 4315 394 4315 396 4315 503 4291 527 4312 529 4312 532 4312 535 4315 604 4315 604 4312 607 4312 609 4312 641 4288 665 4307 665 4310 668 4310 670 4310 673 4312 756 4312 756 4310 758 4310 902 4272 910 4270 1083 4270 1091 4270 1206 4302 1208 4302 1211 4302 1214 4302 1216 4302 1256 4267 1294 4286 1296 4286 1299 4286 1429 4264 1440 4264 1443 4264 1501 4296 1504 4296 1507 4296 1509 4296 1512 4296 1554 4270 1584 4294 1586 4294 1589 4294 1592 4296 1666 4296 1666 4294 1669 4294 1672 4294 1709 4270 1738 4280 1741 4280 1744 4280 1746 4280 1799 4259 1799 4235 1794 4195 1672 4174 1669 4174 1666 4174 1664 4174 1634 4195 1632 4198 1621 4198 1515 4177 1512 4177 1509 4177 1459 4193 1421 4182 1419 4182 1416 4182 1413 4182 1411 4182 1411 4185 1392 4201 1389 4201 1304 4182 1302 4182 1299 4182 1296 4182 1275 4198 1176 4193 1174 4193 1171 4193 1134 4203 1126 4206 1118 4203 1062 4185 1059 4185 1057 4185 1054 4185 1051 4185 1019 4206 1011 4211 870 4211 865 4208 846 4193 846 4190 844 4190 841 4190 838 4190 836 4190 833 4190 833 4193 812 4208 809 4214 649 4214 644 4211 620 4201 617 4201 615 4201 612 4201 609 4201 593 4211 585 4219 513 4219 505 4214 468 4195 465 4195 463 4195 388 4211 183 4201 181 4201 178 4201 149 4214 151 4254"/></Shape>
	    <String CONTENT="Tubum AB. effluxisset. Idem est si D. sit vesica"
                    HPOS="149"
                    VPOS="4174"
                    WIDTH="1650"
                    HEIGHT="141"
                    WC="0.9932721095780531"></String>
          </TextLine>

          
          
          <TextLine ID="eSc_line_1427d118"
                    TAGREFS="LT11324"
                    BASELINE="151 4357 1826 4302" 
                    HPOS="149"
                    VPOS="4248"
                    WIDTH="1677"
                    HEIGHT="160">
            <Shape><Polygon POINTS="151 4384 359 4384 431 4408 434 4408 436 4408 439 4408 441 4408 487 4379 489 4376 599 4368 609 4376 636 4400 639 4400 641 4400 644 4400 721 4397 724 4397 766 4376 865 4395 868 4395 985 4373 1086 4352 1142 4371 1182 4384 1184 4384 1187 4384 1251 4373 1254 4373 1256 4373 1256 4371 1262 4368 1288 4344 1573 4357 1576 4357 1578 4357 1581 4357 1613 4334 1714 4363 1725 4365 1728 4365 1730 4365 1826 4360 1826 4302 1818 4251 1653 4267 1616 4256 1592 4248 1589 4248 1586 4248 1584 4248 1549 4259 1499 4272 1477 4259 1464 4254 1461 4254 1459 4254 1360 4256 1357 4256 1355 4256 1347 4264 1336 4272 1299 4264 1264 4259 1262 4259 1259 4259 1243 4267 1214 4283 939 4291 844 4280 825 4278 822 4278 801 4280 700 4302 540 4302 487 4291 465 4286 463 4286 460 4286 447 4291 412 4310 300 4312 149 4302 151 4357"/></Shape>
	    <String CONTENT="Mercurio plena, quae comprimi possit, flaccidau reddus"
                    HPOS="149"
                    VPOS="4248"
                    WIDTH="1677"
                    HEIGHT="160"
                    WC="0.9678592615657382"></String>
          </TextLine>

          
          
          <TextLine ID="eSc_line_5ce177ab"
                    TAGREFS="LT11324"
                    BASELINE="1818 4365 1850 4360" 
                    HPOS="1807"
                    VPOS="4286"
                    WIDTH="46"
                    HEIGHT="114">
            <Shape><Polygon POINTS="1818 4365 1823 4400 1853 4397 1850 4360 1829 4286 1807 4299 1807 4304"/></Shape>
	    <String CONTENT=""
                    HPOS="1807"
                    VPOS="4286"
                    WIDTH="46"
                    HEIGHT="114"></String>
          </TextLine>

          
          
          <TextLine ID="eSc_line_ecb83861"
                    TAGREFS="LT11324"
                    BASELINE="162 4432 1469 4405 1775 4384" 
                    HPOS="159"
                    VPOS="4328"
                    WIDTH="1616"
                    HEIGHT="152">
            <Shape><Polygon POINTS="162 4456 247 4480 250 4480 252 4480 319 4467 362 4477 364 4477 367 4477 370 4477 415 4453 455 4467 457 4467 460 4467 463 4467 524 4451 529 4451 532 4451 623 4472 625 4472 825 4445 857 4443 870 4445 937 4464 939 4464 942 4464 945 4464 982 4451 995 4461 998 4461 1001 4461 1003 4461 1006 4461 1009 4461 1035 4443 1038 4440 1043 4443 1086 4461 1089 4461 1091 4461 1094 4461 1097 4461 1128 4440 1134 4437 1144 4440 1195 4459 1198 4459 1200 4459 1312 4456 1315 4456 1317 4456 1339 4437 1349 4429 1467 4429 1493 4435 1549 4448 1552 4448 1775 4429 1775 4384 1765 4342 1730 4350 1717 4342 1701 4331 1698 4331 1696 4331 1581 4328 1578 4328 1576 4328 1538 4347 1512 4363 1429 4363 1416 4352 1400 4336 1397 4336 1395 4336 1320 4334 1317 4334 1315 4334 1256 4357 1232 4368 1182 4368 1171 4360 1158 4350 1158 4347 1155 4347 1152 4347 1150 4347 1147 4347 1144 4347 1128 4360 1118 4368 1110 4360 1091 4347 1089 4347 1086 4347 1083 4347 1033 4355 1017 4342 1014 4342 1011 4342 1009 4342 1006 4342 955 4365 942 4373 726 4379 686 4373 524 4352 521 4352 519 4352 516 4352 516 4355 513 4355 492 4381 489 4384 463 4381 367 4371 364 4371 362 4371 359 4371 359 4373 346 4384 343 4387 332 4387 189 4360 186 4360 183 4360 181 4360 181 4363 159 4381 162 4432"/></Shape>
	    <String CONTENT="Ita enim nullus in ea erit aer tensus. Nec proinde"
                    HPOS="159"
                    VPOS="4328"
                    WIDTH="1616"
                    HEIGHT="152"
                    WC="0.9796539390087128"></String>
          </TextLine>

          
          
          <TextLine ID="eSc_line_29d35ff7"
                    TAGREFS="LT11324"
                    BASELINE="165 4506 1946 4477" 
                    HPOS="162"
                    VPOS="4427"
                    WIDTH="1784"
                    HEIGHT="154">
            <Shape><Polygon POINTS="165 4560 282 4581 284 4581 487 4578 617 4576 620 4576 623 4576 655 4552 657 4552 694 4573 697 4573 700 4573 790 4568 793 4568 796 4568 825 4549 849 4536 899 4549 921 4554 923 4554 926 4554 963 4546 1038 4533 1054 4546 1057 4549 1059 4549 1062 4549 1065 4549 1097 4546 1134 4541 1144 4544 1184 4560 1187 4560 1190 4560 1192 4560 1195 4560 1219 4544 1243 4528 1296 4528 1344 4541 1389 4554 1392 4554 1395 4554 1397 4554 1400 4554 1419 4541 1440 4525 1570 4525 1594 4538 1624 4557 1626 4557 1629 4557 1632 4557 1634 4557 1637 4557 1669 4536 1690 4522 1738 4536 1744 4536 1746 4536 1749 4536 1759 4536 1821 4520 1837 4533 1845 4541 1847 4541 1850 4541 1853 4541 1855 4541 1877 4533 1895 4525 1943 4530 1946 4477 1938 4440 1746 4440 1712 4427 1709 4427 1706 4427 1546 4443 1459 4429 1456 4429 1315 4432 1312 4432 1280 4448 1022 4437 1019 4437 1017 4437 1014 4437 995 4451 899 4440 897 4440 894 4440 891 4440 876 4453 689 4445 686 4445 684 4445 644 4459 532 4445 529 4445 367 4461 335 4448 332 4448 330 4448 162 4467 165 4506"/></Shape>
	    <String CONTENT="aeris tensio dTubique capacitas ad rem pertinet"
                    HPOS="162"
                    VPOS="4427"
                    WIDTH="1784"
                    HEIGHT="154"
                    WC="0.9498255468429403"></String>
          </TextLine>

          
          
          <TextLine ID="eSc_line_ad041b2c"
                    TAGREFS="LT11324"
                    BASELINE="1387 4565 1421 4562" 
                    HPOS="1381"
                    VPOS="4522"
                    WIDTH="40"
                    HEIGHT="52">
            <Shape><Polygon POINTS="1387 4574 1420 4573 1421 4562 1413 4522 1381 4528 1387 4565"/></Shape>
	    <String CONTENT="u"
                    HPOS="1381"
                    VPOS="4522"
                    WIDTH="40"
                    HEIGHT="52"
                    WC="0.4479760527610779"></String>
          </TextLine>

          
          
          <TextLine ID="eSc_line_6719c1d8_b"
                    TAGREFS="LT11324"
                    
                    HPOS="2205"
                    VPOS="3326"
                    WIDTH="40"
                    HEIGHT="1">
            <Shape><Polygon POINTS="2245 3326 2208 3327 2205 3327"/></Shape>
	    <String CONTENT=""
                    HPOS="2205"
                    VPOS="3326"
                    WIDTH="40"
                    HEIGHT="1"></String>
          </TextLine>

          
        </TextBlock>
        
        <TextBlock HPOS="1939"
                   VPOS="628"
                   WIDTH="1202"
                   HEIGHT="273"
                   ID="r3"
                   TAGREFS="BT16575">
          <Shape><Polygon POINTS="2000 652 1939 739 1981 831 2036 901 2139 863 2321 875 2780 898 2912 848 2904 799 2949 758 3141 727 3108 628"/></Shape>
          
          
          <TextLine ID="eSc_line_35492157"
                    TAGREFS="LT11324"
                    BASELINE="1939 739 2044 728 2516 723 3101 694" 
                    HPOS="1939"
                    VPOS="631"
                    WIDTH="1162"
                    HEIGHT="167">
            <Shape><Polygon POINTS="2361 715 2335 723 2308 723 2281 705 2255 705 2228 705 2201 702 2175 702 2148 702 2122 702 2095 699 2068 699 2042 699 2039 683 1986 672 1939 739 1961 788 2020 798 2023 798 2026 798 2028 798 2028 795 2055 771 2055 768 2100 763 2175 763 2183 766 2204 779 2207 779 2209 779 2212 779 2337 763 2372 758 2383 760 2444 782 2446 782 2449 782 2686 771 2689 771 2745 750 2771 742 2795 750 2849 766 2851 766 2854 766 2947 744 2974 739 2987 744 3003 749 3028 745 3032 742 3040 734 3053 741 3101 733 3101 694 3096 649 2962 631 2906 632 2825 654 2729 636 2628 638 2502 643 2500 643 2417 673 2401 681 2399 681 2388 710"/></Shape>
	    <String CONTENT="seu ut summum ponderis utcunque aci"
                    HPOS="1939"
                    VPOS="631"
                    WIDTH="1162"
                    HEIGHT="167"
                    WC="0.9111377205167498"></String>
          </TextLine>

          
          
          <TextLine ID="eSc_line_0d03868c"
                    TAGREFS="LT11324"
                    BASELINE="1996 816 2391 814 2899 790" 
                    HPOS="1994"
                    VPOS="747"
                    WIDTH="905"
                    HEIGHT="138">
            <Shape><Polygon POINTS="2446 800 2420 808 2393 808 2367 782 2340 782 2313 782 2287 779 2260 779 2233 779 2207 779 2180 776 2154 776 2127 776 2100 779 2074 790 2047 800 2020 811 2010 779 1994 779 1996 816 1996 850 2023 885 2047 885 2050 885 2052 885 2103 846 2188 848 2219 868 2321 875 2346 876 2510 870 2513 870 2558 846 2596 827 2689 827 2702 835 2713 846 2715 846 2737 846 2755 832 2763 822 2899 819 2899 790 2896 760 2862 747 2859 747 2856 747 2478 760 2473 779"/></Shape>
	    <String CONTENT="punctum semper maneat g."
                    HPOS="1994"
                    VPOS="747"
                    WIDTH="905"
                    HEIGHT="138"
                    WC="0.9840312997500101"></String>
          </TextLine>

          
          
          <TextLine ID="eSc_line_6ca94f86"
                    TAGREFS="LT11324"
                    BASELINE="2577 856 2851 846" 
                    HPOS="2574"
                    VPOS="803"
                    WIDTH="277"
                    HEIGHT="95">
            <Shape><Polygon POINTS="2577 888 2628 890 2678 885 2689 893 2720 895 2729 888 2742 896 2780 898 2851 871 2851 846 2843 803 2574 816 2577 856"/></Shape>
	    <String CONTENT="a si"
                    HPOS="2574"
                    VPOS="803"
                    WIDTH="277"
                    HEIGHT="95"
                    WC="0.9870537966489792"></String>
          </TextLine>

          
          
          <TextLine ID="eSc_line_383bd757"
                    TAGREFS="LT11324"
                    
                    HPOS="2620"
                    VPOS="635"
                    WIDTH="155"
                    HEIGHT="11">
            <Shape><Polygon POINTS="2620 641 2774 646 2775 635 2620 639"/></Shape>
	    <String CONTENT=""
                    HPOS="2620"
                    VPOS="635"
                    WIDTH="155"
                    HEIGHT="11"></String>
          </TextLine>

          
          
          <TextLine ID="eSc_line_76fc0694"
                    TAGREFS="LT11324"
                    
                    HPOS="2942"
                    VPOS="628"
                    WIDTH="151"
                    HEIGHT="31">
            <Shape><Polygon POINTS="2942 654 3091 659 3093 628 2942 632"/></Shape>
	    <String CONTENT=""
                    HPOS="2942"
                    VPOS="628"
                    WIDTH="151"
                    HEIGHT="31"></String>
          </TextLine>

          
          
          <TextLine ID="eSc_line_8bb00a26"
                    TAGREFS="LT11324"
                    BASELINE="2036 901 2037 901" 
                    HPOS="2031"
                    VPOS="840"
                    WIDTH="131"
                    HEIGHT="61">
            <Shape><Polygon POINTS="2044 893 2031 895 2036 901 2139 863 2162 865 2159 840 2082 854 2071 880"/></Shape>
	    <String CONTENT=""
                    HPOS="2031"
                    VPOS="840"
                    WIDTH="131"
                    HEIGHT="61"></String>
          </TextLine>

          
          
          <TextLine ID="eSc_line_d376683c"
                    TAGREFS="LT11324"
                    
                    HPOS="2518"
                    VPOS="875"
                    WIDTH="98"
                    HEIGHT="15">
            <Shape><Polygon POINTS="2614 877 2518 875 2519 885 2616 890"/></Shape>
	    <String CONTENT=""
                    HPOS="2518"
                    VPOS="875"
                    WIDTH="98"
                    HEIGHT="15"></String>
          </TextLine>

          
        </TextBlock>
        
        <TextBlock HPOS="1942"
                   VPOS="1734"
                   WIDTH="1297"
                   HEIGHT="714"
                   ID="r4"
                   TAGREFS="BT16575">
          <Shape><Polygon POINTS="1968 1808 1942 1931 1980 1961 2074 1939 2035 2018 1997 2100 2091 2430 2357 2448 2422 2354 2560 2319 2603 2344 2699 2341 3239 2327 3226 2170 3223 2062 3175 2013 3218 1913 3199 1766 3148 1734 2455 1759"/></Shape>
          
          
          <TextLine ID="eSc_line_33397224"
                    TAGREFS="LT11324"
                    BASELINE="1965 1883 2830 1827 3184 1819" 
                    HPOS="1961"
                    VPOS="1766"
                    WIDTH="1223"
                    HEIGHT="162">
            <Shape><Polygon POINTS="3131 1782 3104 1782 3077 1779 3051 1779 3024 1777 3011 1777 3006 1779 2995 1782 2987 1779 2974 1774 2971 1774 2944 1774 2936 1771 2928 1782 2920 1787 2912 1782 2891 1771 2867 1769 2843 1779 2801 1766 2785 1766 2707 1769 2702 1771 2678 1774 2651 1777 2625 1779 2617 1779 2604 1793 2580 1811 2558 1811 2548 1841 2521 1843 2494 1841 2468 1838 2441 1835 2414 1833 2388 1830 2361 1827 2332 1822 2305 1819 2303 1806 2268 1803 2225 1798 2223 1798 2220 1798 2196 1806 2084 1838 2026 1811 2023 1811 2020 1811 1967 1811 1961 1839 1965 1883 1965 1928 2335 1886 2407 1904 2409 1904 2412 1904 2585 1891 2588 1891 2590 1891 2612 1875 2678 1886 2681 1886 2683 1886 2686 1886 2686 1883 2689 1883 2707 1859 2739 1857 2899 1851 2955 1865 2958 1865 2960 1865 2963 1865 2966 1865 2966 1862 2968 1862 2982 1846 3051 1857 3054 1857 3115 1843 3179 1859 3184 1819 3181 1785 3157 1782"/></Shape>
	    <String CONTENT="Quemadmodum  Elaterii tendendi loco"
                    HPOS="1961"
                    VPOS="1766"
                    WIDTH="1223"
                    HEIGHT="162"
                    WC="0.957775456564767"></String>
          </TextLine>

          
          
          <TextLine ID="eSc_line_0b6cafdd"
                    TAGREFS="LT11324"
                    BASELINE="2111 1952 2849 1923 3181 1931" 
                    HPOS="2108"
                    VPOS="1862"
                    WIDTH="1073"
                    HEIGHT="146">
            <Shape><Polygon POINTS="2617 1883 2612 1886 2609 1883 2604 1881 2588 1886 2561 1907 2548 1881 2521 1886 2465 1894 2438 1886 2399 1875 2396 1875 2393 1875 2108 1891 2111 1952 2111 1992 2164 1990 2170 1992 2201 2008 2204 2008 2207 2008 2209 2008 2260 1990 2316 1971 2383 1987 2412 1995 2414 1995 2417 1995 2420 1995 2436 1987 2481 1960 2665 1958 2745 1958 2790 1979 2819 1995 2822 1995 2825 1995 3181 1971 3181 1931 3176 1875 2979 1878 2976 1878 2958 1862 2955 1862 2952 1862 2950 1862 2878 1878 2867 1881 2854 1881 2753 1865 2750 1865 2747 1865 2718 1878 2638 1870 2628 1873"/></Shape>
	    <String CONTENT="atiu liquor in Tubo fghi esset"
                    HPOS="2108"
                    VPOS="1862"
                    WIDTH="1073"
                    HEIGHT="146"
                    WC="0.9619193414847056"></String>
          </TextLine>

          
          
          <TextLine ID="eSc_line_fc26d334"
                    TAGREFS="LT11324"
                    BASELINE="2023 2088 2124 2085" 
                    HPOS="2023"
                    VPOS="2024"
                    WIDTH="101"
                    HEIGHT="101">
            <Shape><Polygon POINTS="2092 2024 2074 2043 2047 2067 2031 2075 2023 2088 2023 2125 2124 2117 2124 2085 2116 2030 2106 2024"/></Shape>
	    <String CONTENT="cont"
                    HPOS="2023"
                    VPOS="2024"
                    WIDTH="101"
                    HEIGHT="101"
                    WC="0.9597646296024323"></String>
          </TextLine>

          
          
          <TextLine ID="eSc_line_7dc7fc73"
                    TAGREFS="LT11324"
                    BASELINE="2108 2032 3155 2019" 
                    HPOS="2106"
                    VPOS="1960"
                    WIDTH="1049"
                    HEIGHT="117">
            <Shape><Polygon POINTS="2585 1974 2558 1982 2532 2019 2518 1979 2502 1976 2462 1966 2460 1966 2457 1966 2454 1966 2430 1976 2422 1982 2404 1979 2351 1966 2348 1966 2281 1979 2247 1987 2225 1982 2183 1968 2180 1968 2178 1968 2106 1982 2108 2032 2108 2053 2212 2077 2215 2077 2217 2077 2252 2061 2348 2075 2351 2075 2353 2075 2356 2075 2393 2051 2454 2075 2457 2075 2460 2077 2516 2077 2516 2075 2518 2075 2521 2075 2521 2072 2545 2051 2598 2072 2601 2072 2604 2075 2721 2075 2721 2072 2723 2072 2814 2045 2888 2059 2891 2059 2979 2043 3011 2059 3014 2059 3016 2059 3019 2059 3070 2043 3093 2061 3096 2061 3099 2061 3101 2061 3104 2061 3155 2037 3155 2019 3147 1966 2830 1979 2809 1971 2785 1960 2782 1960 2779 1960 2715 1971 2705 1974 2694 1974 2643 1963 2641 1963 2630 1963 2612 1968"/></Shape>
	    <String CONTENT="elevandus. It enim si a pondere fa"
                    HPOS="2106"
                    VPOS="1960"
                    WIDTH="1049"
                    HEIGHT="117"
                    WC="0.9524794781909269"></String>
          </TextLine>

          
          
          <TextLine ID="eSc_line_4449d296"
                    TAGREFS="LT11324"
                    BASELINE="2095 2133 2284 2117 3173 2099" 
                    HPOS="2092"
                    VPOS="2035"
                    WIDTH="1081"
                    HEIGHT="143">
            <Shape><Polygon POINTS="2518 2099 2492 2107 2478 2077 2433 2077 2414 2072 2356 2053 2353 2053 2351 2053 2348 2053 2345 2053 2345 2056 2321 2075 2300 2056 2297 2056 2295 2056 2292 2056 2289 2056 2252 2075 2212 2056 2209 2056 2207 2056 2204 2056 2122 2077 2119 2088 2092 2088 2095 2133 2095 2163 2180 2178 2183 2178 2186 2178 2188 2178 2188 2176 2204 2163 2217 2147 2335 2147 2359 2157 2383 2173 2385 2173 2388 2173 2391 2173 2393 2173 2422 2157 2430 2152 2436 2157 2449 2168 2449 2171 2452 2171 2454 2171 2457 2171 2460 2171 2462 2171 2478 2157 2492 2144 2542 2141 2612 2155 2675 2165 2678 2168 2734 2168 2734 2165 2737 2165 2766 2149 2793 2136 2843 2149 2846 2149 2849 2149 2851 2149 2862 2149 2942 2133 2955 2147 2958 2147 2958 2149 2960 2149 2963 2149 2966 2149 2968 2149 2971 2149 2974 2147 2995 2131 3016 2147 3035 2157 3038 2157 3040 2157 3043 2157 3173 2141 3173 2099 3165 2035 3051 2037 3048 2037 3043 2040 2987 2064 2872 2048 2830 2043 2827 2043 2825 2043 2787 2053 2734 2067 2710 2056 2699 2051 2697 2051 2694 2051 2633 2059 2550 2072 2545 2093"/></Shape>
	    <String CONTENT="Hta elevatus est ut pondus illud praecise"
                    HPOS="2092"
                    VPOS="2035"
                    WIDTH="1081"
                    HEIGHT="143"
                    WC="0.9599093809360411"></String>
          </TextLine>

          
          
          <TextLine ID="eSc_line_3f809bbc"
                    TAGREFS="LT11324"
                    BASELINE="2098 2205 3211 2192" 
                    HPOS="2095"
                    VPOS="2136"
                    WIDTH="1116"
                    HEIGHT="120">
            <Shape><Polygon POINTS="2516 2155 2513 2160 2505 2165 2500 2165 2494 2168 2468 2194 2457 2165 2433 2165 2428 2160 2414 2147 2414 2144 2412 2144 2409 2144 2407 2144 2404 2144 2401 2144 2377 2160 2372 2163 2356 2160 2292 2147 2289 2147 2095 2160 2098 2205 2100 2245 2146 2229 2162 2245 2170 2250 2170 2253 2172 2253 2175 2253 2178 2256 2220 2256 2220 2253 2223 2253 2225 2253 2225 2250 2233 2245 2241 2237 2257 2245 2265 2250 2268 2250 2271 2250 2273 2250 2321 2245 2433 2226 2457 2242 2468 2250 2470 2250 2473 2250 2476 2250 2657 2248 2659 2248 2673 2240 2699 2226 2737 2240 2758 2248 2761 2248 2763 2248 2766 2248 2769 2248 2777 2240 2801 2221 2928 2234 2931 2234 2934 2234 2987 2218 3208 2234 3211 2192 3208 2155 3171 2136 3168 2136 3165 2136 3163 2136 3123 2155 3123 2157 2984 2157 2979 2155 2942 2139 2939 2139 2763 2139 2761 2139 2758 2139 2697 2157 2689 2160 2678 2157 2628 2141 2625 2141 2622 2141 2620 2141 2617 2141 2617 2144 2601 2157 2598 2160 2590 2157 2537 2147 2534 2147 2521 2155"/></Shape>
	    <String CONTENT="consistat in loco fg. quicquid etiamponderi"
                    HPOS="2095"
                    VPOS="2136"
                    WIDTH="1116"
                    HEIGHT="120"
                    WC="0.9797354049460832"></String>
          </TextLine>

          
          
          <TextLine ID="eSc_line_e6ce4300"
                    TAGREFS="LT11324"
                    BASELINE="2116 2290 2324 2280 3224 2282" 
                    HPOS="2114"
                    VPOS="2205"
                    WIDTH="1110"
                    HEIGHT="138">
            <Shape><Polygon POINTS="2494 2237 2486 2237 2476 2229 2446 2205 2444 2205 2441 2205 2375 2205 2372 2205 2263 2232 2247 2237 2156 2237 2154 2234 2143 2224 2143 2221 2140 2221 2138 2221 2135 2221 2132 2221 2116 2229 2116 2290 2114 2343 2178 2343 2178 2341 2180 2341 2183 2341 2183 2338 2215 2312 2369 2325 2372 2325 2375 2325 2433 2304 2556 2312 2593 2338 2593 2338 2598 2341 2598 2341 2601 2341 2604 2343 2635 2343 2699 2341 2721 2340 2726 2335 2779 2304 2992 2304 3016 2322 3016 2325 3019 2325 3022 2325 3065 2332 3221 2327 3224 2282 3221 2216 3104 2205 3101 2205 3099 2205 3075 2216 3051 2229 3024 2218 2992 2205 2990 2205 2814 2205 2811 2205 2809 2205 2806 2205 2782 2221 2763 2234 2737 2224 2691 2205 2689 2205 2686 2205 2683 2205 2681 2205 2657 2224 2643 2237 2524 2237 2513 2269"/></Shape>
	    <String CONTENT="fg addetur nunquam totum descendes"
                    HPOS="2114"
                    VPOS="2205"
                    WIDTH="1110"
                    HEIGHT="138"
                    WC="0.9737682587960187"></String>
          </TextLine>

          
          
          <TextLine ID="eSc_line_afe9da9f"
                    TAGREFS="LT11324"
                    BASELINE="2111 2375 2324 2367 2380 2346" 
                    HPOS="2106"
                    VPOS="2301"
                    WIDTH="277"
                    HEIGHT="133">
            <Shape><Polygon POINTS="2111 2413 2180 2434 2183 2434 2186 2434 2188 2434 2228 2418 2255 2405 2281 2418 2295 2426 2297 2426 2300 2426 2375 2421 2383 2411 2380 2346 2367 2304 2305 2320 2271 2314 2201 2301 2199 2301 2196 2301 2194 2301 2194 2304 2172 2325 2167 2330 2106 2330 2111 2375"/></Shape>
	    <String CONTENT="inofra f."
                    HPOS="2106"
                    VPOS="2301"
                    WIDTH="277"
                    HEIGHT="133"
                    WC="0.958142876625061"></String>
          </TextLine>

          
        </TextBlock>
        
        <TextBlock HPOS="2019"
                   VPOS="2443"
                   WIDTH="1222"
                   HEIGHT="533"
                   ID="r2"
                   TAGREFS="BT16575">
          <Shape><Polygon POINTS="2019 2529 2020 2604 2114 2636 2143 2696 2222 2731 2204 2799 2210 2826 2242 2879 2274 2919 2325 2976 2471 2954 2502 2910 2599 2873 2647 2895 2719 2879 2870 2890 3028 2861 3013 2912 3080 2922 3132 2839 3129 2793 3241 2783 3229 2687 3206 2667 3124 2678 3106 2630 3054 2574 3149 2513 3082 2443 2969 2445 2713 2451 2625 2473 2386 2485 2111 2497"/></Shape>
          
          
          <TextLine ID="eSc_line_36c03faf_a"
                    TAGREFS="LT11324"
                    BASELINE="2220 2842 3131 2822" 
                    HPOS="2208"
                    VPOS="2764"
                    WIDTH="924"
                    HEIGHT="138">
            <Shape><Polygon POINTS="2319 2817 2292 2817 2265 2817 2239 2817 2212 2817 2208 2817 2210 2826 2242 2879 2261 2902 2263 2902 2425 2865 2481 2886 2484 2886 2486 2886 2564 2873 2580 2880 2599 2873 2632 2888 2737 2868 2817 2884 2830 2884 2833 2884 2926 2880 3028 2861 3024 2875 3112 2871 3132 2839 3129 2793 3131 2793 3128 2772 2952 2764 2950 2764 2721 2785 2694 2785 2686 2785 2606 2769 2604 2769 2422 2777 2420 2777 2353 2793 2345 2817"/></Shape>
	    <String CONTENT="gel clausus ei sit comprimendus"
                    HPOS="2208"
                    VPOS="2764"
                    WIDTH="924"
                    HEIGHT="138"
                    WC="0.9819404578978016"></String>
          </TextLine>

          
          
          <TextLine ID="eSc_line_38355ba0"
                    TAGREFS="LT11324"
                    BASELINE="2034 2562 2896 2511 3115 2511" 
                    HPOS="2030"
                    VPOS="2445"
                    WIDTH="1085"
                    HEIGHT="162">
            <Shape><Polygon POINTS="2993 2445 2969 2445 2964 2445 2934 2468 2894 2447 2891 2447 2888 2447 2798 2453 2795 2453 2739 2479 2729 2484 2699 2484 2697 2508 2670 2508 2643 2508 2617 2508 2590 2508 2564 2508 2537 2508 2512 2479 2447 2482 2441 2484 2431 2483 2386 2485 2361 2486 2351 2495 2348 2495 2345 2495 2289 2489 2255 2491 2244 2500 2236 2506 2231 2500 2220 2492 2171 2494 2140 2506 2103 2516 2064 2513 2030 2525 2034 2562 2034 2607 2217 2607 2217 2604 2220 2604 2223 2604 2223 2602 2233 2594 2249 2578 2287 2591 2316 2599 2319 2599 2321 2599 2420 2594 2422 2594 2465 2578 2518 2562 2596 2570 2617 2572 2620 2572 2691 2564 2883 2543 2894 2554 2907 2562 2907 2564 2910 2564 2912 2564 2915 2564 2918 2564 2920 2564 2936 2551 3014 2559 3016 2559 3108 2540 3115 2535 3115 2511 3112 2500 3099 2461"/></Shape>
	    <String CONTENT="Uti si fg Mercurtum in Baroscopio"
                    HPOS="2030"
                    VPOS="2445"
                    WIDTH="1085"
                    HEIGHT="162"
                    WC="0.9848126642631762"></String>
          </TextLine>

          
          
          <TextLine ID="eSc_line_506ed76c"
                    TAGREFS="LT11324"
                    BASELINE="2115 2638 2183 2628 3058 2579" 
                    HPOS="2068"
                    VPOS="2519"
                    WIDTH="1002"
                    HEIGHT="154">
            <Shape><Polygon POINTS="2470 2607 2454 2575 2343 2580 2327 2572 2303 2562 2300 2562 2297 2562 2236 2567 2233 2567 2231 2567 2212 2580 2199 2594 2068 2594 2071 2621 2114 2636 2132 2673 2207 2673 2207 2671 2209 2671 2233 2663 2271 2649 2319 2657 2343 2660 2345 2660 2348 2660 2361 2655 2396 2636 2452 2649 2481 2655 2484 2655 2534 2644 2622 2620 2729 2617 2766 2628 2779 2633 2782 2633 2785 2633 2787 2633 2801 2628 2817 2617 2830 2625 2835 2631 2838 2631 2841 2631 2843 2631 2846 2631 2849 2631 2849 2628 2854 2623 2867 2610 2891 2623 2904 2628 2907 2628 2910 2628 3070 2610 3070 2591 3054 2574 3067 2566 3056 2519 3019 2546 2838 2551 2814 2538 2803 2532 2801 2532 2798 2532 2795 2532 2777 2540 2747 2551 2707 2546 2686 2543 2683 2543 2681 2543 2678 2543 2678 2546 2675 2546 2675 2548 2665 2559 2604 2554 2550 2548 2548 2548 2545 2548 2542 2548 2542 2551 2534 2559 2518 2575 2513 2575 2494 2591"/></Shape>
	    <String CONTENT="pendulum et hi columnam"
                    HPOS="2068"
                    VPOS="2519"
                    WIDTH="1002"
                    HEIGHT="154"
                    WC="0.9892935415972834"></String>
          </TextLine>

          
          
          <TextLine ID="eSc_line_05dbb493"
                    TAGREFS="LT11324"
                    BASELINE="2183 2695 2819 2660 3101 2655" 
                    HPOS="2178"
                    VPOS="2594"
                    WIDTH="923"
                    HEIGHT="125">
            <Shape><Polygon POINTS="2465 2636 2332 2644 2308 2639 2260 2631 2257 2631 2178 2647 2183 2695 2183 2714 2194 2719 3101 2679 3101 2655 3097 2620 3073 2594 2947 2615 2907 2602 2896 2599 2894 2599 2891 2599 2888 2599 2867 2604 2825 2615 2753 2612 2707 2610 2705 2610 2702 2610 2699 2610 2691 2615 2667 2631 2590 2631 2580 2623 2572 2615 2569 2615 2566 2615 2564 2615 2561 2615 2534 2625 2510 2636 2476 2636 2473 2644"/></Shape>
	    <String CONTENT="aeris ei aequi ponderantem esse"
                    HPOS="2178"
                    VPOS="2594"
                    WIDTH="923"
                    HEIGHT="125"
                    WC="0.9836989045143127"></String>
          </TextLine>

          
          
          <TextLine ID="eSc_line_c1f2ffe0"
                    TAGREFS="LT11324"
                    BASELINE="2223 2753 3219 2743" 
                    HPOS="2220"
                    VPOS="2681"
                    WIDTH="999"
                    HEIGHT="128">
            <Shape><Polygon POINTS="2460 2735 2433 2737 2407 2740 2380 2743 2361 2705 2220 2695 2222 2731 2222 2731 2222 2731 2223 2753 2228 2809 2257 2788 2311 2788 2337 2806 2340 2806 2343 2806 2345 2809 2396 2809 2396 2806 2399 2806 2401 2806 2401 2804 2404 2804 2417 2788 2502 2804 2505 2804 2508 2804 2569 2785 2710 2804 2718 2804 2721 2804 2758 2804 2793 2801 2795 2801 2798 2801 2798 2798 2801 2798 2814 2782 2907 2793 2910 2793 2912 2793 2966 2780 3000 2798 3003 2798 3006 2798 3008 2798 3062 2780 3154 2791 3217 2785 3219 2743 3213 2681 3144 2681 3141 2681 3139 2681 3136 2681 3101 2705 2899 2705 2787 2687 2771 2684 2769 2684 2734 2687 2497 2708 2486 2732"/></Shape>
	    <String CONTENT="pones. sed et si aer in ampulla"
                    HPOS="2220"
                    VPOS="2681"
                    WIDTH="999"
                    HEIGHT="128"
                    WC="0.9795815194806745"></String>
          </TextLine>

          
          
          <TextLine ID="eSc_line_69ce6bf4"
                    TAGREFS="LT11324"
                    BASELINE="2281 2905 2515 2905" 
                    HPOS="2281"
                    VPOS="2868"
                    WIDTH="388"
                    HEIGHT="93">
            <Shape><Polygon POINTS="2361 2902 2335 2897 2308 2892 2281 2886 2281 2905 2281 2927 2302 2950 2319 2961 2321 2961 2324 2961 2327 2961 2474 2949 2502 2910 2599 2873 2647 2895 2669 2890 2667 2868 2399 2873 2388 2902"/></Shape>
	    <String CONTENT="am"
                    HPOS="2281"
                    VPOS="2868"
                    WIDTH="388"
                    HEIGHT="93"
                    WC="0.9966892600059509"></String>
          </TextLine>

          
        </TextBlock>
        
        <TextBlock HPOS="2081"
                   VPOS="3253"
                   WIDTH="341"
                   HEIGHT="76"
                   ID="r7"
                   TAGREFS="BT16575">
          <Shape><Polygon POINTS="2115 3258 2081 3329 2407 3317 2422 3253"/></Shape>
          
          
          <TextLine ID="eSc_line_96b3e306_a"
                    TAGREFS="LT11324"
                    
                    HPOS="2298"
                    VPOS="3312"
                    WIDTH="44"
                    HEIGHT="9">
            <Shape><Polygon POINTS="2324 3312 2321 3312 2319 3312 2316 3312 2298 3321 2342 3319"/></Shape>
	    <String CONTENT=""
                    HPOS="2298"
                    VPOS="3312"
                    WIDTH="44"
                    HEIGHT="9"></String>
          </TextLine>

          
          
          <TextLine ID="eSc_line_96b3e306_b"
                    TAGREFS="LT11324"
                    
                    HPOS="2081"
                    VPOS="3315"
                    WIDTH="137"
                    HEIGHT="14">
            <Shape><Polygon POINTS="2199 3315 2196 3315 2194 3315 2083 3325 2081 3329 2218 3324"/></Shape>
	    <String CONTENT=""
                    HPOS="2081"
                    VPOS="3315"
                    WIDTH="137"
                    HEIGHT="14"></String>
          </TextLine>

          
          
          <TextLine ID="eSc_line_6719c1d8_a"
                    TAGREFS="LT11324"
                    BASELINE="2100 3307 2413 3291" 
                    HPOS="2099"
                    VPOS="3253"
                    WIDTH="316"
                    HEIGHT="75">
            <Shape><Polygon POINTS="2115 3259 2099 3291 2100 3307 2100 3328 2407 3317 2415 3284 2407 3259 2392 3253 2118 3258"/></Shape>
	    <String CONTENT="Mercurii in"
                    HPOS="2099"
                    VPOS="3253"
                    WIDTH="316"
                    HEIGHT="75"
                    WC="0.94982741095803"></String>
          </TextLine>

          
        </TextBlock>
        
        <TextBlock HPOS="2848"
                   VPOS="4536"
                   WIDTH="180"
                   HEIGHT="128"
                   ID="r0"
                   TAGREFS="BT16581">
          <Shape><Polygon POINTS="2870 4543 2848 4664 3020 4655 3028 4536"/></Shape>
          
          
          <TextLine ID="eSc_line_fc1dd3de"
                    TAGREFS="LT11324"
                    BASELINE="2883 4610 3011 4605" 
                    HPOS="2880"
                    VPOS="4586"
                    WIDTH="131"
                    HEIGHT="76">
            <Shape><Polygon POINTS="2960 4586 2934 4586 2907 4586 2880 4586 2883 4610 2884 4662 3011 4655 3011 4605 3008 4586 2987 4586"/></Shape>
	    <String CONTENT="d d"
                    HPOS="2880"
                    VPOS="4586"
                    WIDTH="131"
                    HEIGHT="76"
                    WC="0.9734598795572916"></String>
          </TextLine>

          
        </TextBlock>
        
        <TextBlock HPOS="1878"
                   VPOS="1479"
                   WIDTH="592"
                   HEIGHT="162"
                   ID="r1"
                   TAGREFS="BT16575">
          <Shape><Polygon POINTS="1898 1502 1878 1604 1947 1620 2043 1641 2113 1608 2205 1628 2296 1588 2390 1627 2470 1546 2418 1481 2267 1479"/></Shape>
          
          
          <TextLine ID="eSc_line_67a7efc5_a"
                    TAGREFS="LT11324"
                    BASELINE="1885 1567 2438 1535" 
                    HPOS="1878"
                    VPOS="1501"
                    WIDTH="560"
                    HEIGHT="121">
            <Shape><Polygon POINTS="2401 1511 2375 1511 2348 1511 2321 1511 2316 1511 2295 1511 2268 1511 2241 1511 2233 1511 2225 1513 2217 1511 2215 1511 2188 1511 2162 1511 2135 1511 2124 1511 2111 1516 2098 1513 2090 1511 2082 1511 2055 1511 2028 1511 2002 1511 1996 1511 1980 1516 1978 1516 1962 1511 1949 1511 1922 1508 1917 1501 1902 1502 1898 1504 1878 1604 1884 1605 1957 1620 1978 1622 1980 1622 2092 1618 2113 1608 2150 1616 2239 1613 2296 1588 2347 1609 2410 1607 2438 1578 2438 1535 2430 1511 2428 1511"/></Shape>
	    <String CONTENT="F spensi ponderis"
                    HPOS="1878"
                    VPOS="1501"
                    WIDTH="560"
                    HEIGHT="121"
                    WC="0.9350811032687917"></String>
          </TextLine>

          
        </TextBlock>
        
        <TextBlock HPOS="2461"
                   VPOS="3025"
                   WIDTH="397"
                   HEIGHT="269"
                   ID="r6"
                   TAGREFS="BT27326">
          <Shape><Polygon POINTS="2710 3025 2461 3197 2572 3294 2858 3083"/></Shape>
          
        </TextBlock>
        

        
      </PrintSpace>
    </Page>
  </Layout>
</alto>
