4923 4449
291 74 77 69 2 e

304 121 81 61 ~rE

291 158 151 79 DxE.

316 644 105 104 u

398 338 33 60 e

326 383 112 103 t

398 516 35 92 s

402 642 45 94 3t

422 182 1973 102 imulque inventionem ratiocinanonem facilem redderet ac determinatam. Ub

414 264 1959 86 in hoc ere calculo coterae A, B, non magnitudinem sive numeros, sed puncta ver

429 343 888 69 punctorum lica designavunt et loco

1384 323 1034 82 aequationum, determinationes, loco propor–

428 383 880 98 tionum similitudines adhibebuntur

1409 368 994 104 Rem novitate ipsa non minus quam fuucto

427 430 2023 108 gatam fore spero. Nam nihil tale (quod sciam,) cuiquam inde a cognita Geometria in menteru

419 479 2019 129 venit. Et spero excitatur animos ad  ea liben alculo tractanda, quae ne imigina

420 553 2067 121 tioni, quidem sostubjiciuntur; ut vicariae cui et simili arte vicaria smaginationi subjicie

437 640 114 61 possu

576 615 1874 138 quod et quod est ini fallor fastigium artis, meditandi. Nam  hactenus tomines

221 669 2199 149 ipse recsibite otes spatilates similitudine recum imaginabiliu eo hibuere, sed nulla  ratiome fixa est

419 748 1781 122 scata. Unde cntrum non est, e parem certi fuisse consecutes mirum non est.

578 790 1835 154 possumus planm considerare ut superficiem ubique sibi similem, quatenus

472 852 1958 158 temini differentium non faciunt. unde sequitur slanum prodies posse; potest secari

430 916 2017 134 in duas partes equalesq aequo modo se habentes. Sectio recta est. Hinc recta duae non

440 966 1998 151 possunt habeo dum plusqu puncta duo communia, pam si duae recta in plano spatium

420 1020 1946 151 clauderent foret alteratiat mmagis altentia magis inclinatet ad altemtiam partem. Sed

447 1085 1400 155 id fallor prestabit a similitudine deducere rector naturam

571 1166 1231 114 Ninea est via puncti. via est locus continuus successions.

435 1253 385 101 Sitim est situs est

860 1216 1543 136 Ate d t dis hocta an nteia modus probandi existentiam res singularit per

976 1275 1437 111 in est modus probandi rem singularem esse actualem. Istuale est quo

415 1369 279 99 fuit, est vel erit.

922 1327 1345 113 Determinatio est modus rem seu est relatio Toactualitatis pro priae

514 1359 1933 161 determinatio est modus re st difscernendi ab alia quavis. Hinc cum sit propria proprietas rei viproca

432 1413 1951 146 iqvolvet dia quae de re dici possunt, itaque quiaquid de re inveniri ute per unum determinandi, modu

1268 1470 492 106 atrum quemiis Mini qoc socunt

1874 1445 561 109 descuuma d mgdi sunesimilia

462 1487 781 134 aerit etiam deterperiens invenisi pel

442 1599 87 76 nonst

630 1502 1780 158 tas est mdus tam modus possitulis Transtundi  a perceptione unius ad perceptionem alterius

477 1633 207 92 bexistentis

667 1567 1763 175 e Ex en quod recta similiter procedit sequi videtur esse Minimam inter duo puncta

385 1628 2048 186 Nempe ex si prodeat recta fibi sibi similiter ad B, cuius sumatur pars dimidia _ AC, et hujus rursus dimidia AD

355 1678 2073 197 ob finibre debet esse adem relatio inter A0 et AC, quae inter AC, et AB (alioqui AC non esset simulis ipsi A B.DErgo ut

349 1735 2093 183 ess micimum punctum est mnima distaantia inter A et B, ad minimam sistanta inter A et C, ita eut minimo

349 1779 2091 182 Bistantia inter via inter A et C ad minimam viam inter A et D. itque cum fiat ubique, erunt minimae viae rectis popor

529 1824 1916 170 inter duo puncta, ut A et B, rectis proportionalis quae autem inter eadem puncta simili sunt proportionalia

459 1942 42 107 ut

509 1871 1738 170 coincidunt duo autem continua, ubique inter eadem puncta, ubique simili proportionalia, sunt inte

637 1962 878 111 un via a puncto AC una c A ad punctum

2284 1955 168 101 d e

342 2011 936 134 est esse minimam viam a puncto AB B)

353 2011 1983 181 eu nam datur cont cum non infinitae viae, si semper decrescerrent, tandem evanescerent

383 2051 2037 185 unctum ergo minima vima, a puncto ad punctum pervenire posset per via infimite parvom

1045 2100 1346 124 i si hin repericenta puncta in recta, sic ut minima ab A ad D, plus

348 2167 576 114 datur ergo aliqua minima.

2289 2160 158 113 oeddaa

422 2140 1964 166 via minima a D ad B aequaretur minimae a A ad B, ide ob sumlitidinem rectae loco haberet ubique adeoque

815 2231 465 94 rectam &minimam cos

1439 2212 1006 160 ec ar tine tinm suo sais alio ngntu

927 2286 109 74 motnimu

1075 2276 126 69 intiet

1253 2222 188 116 vis

412 2266 2033 173 melou  oplici ratione iustituere Geomeltiam licet per ono gmentu

417 2311 1969 219 sive Elarmosiu, et per similitudinem. Et quaedam quae similitudinis

432 2390 2018 192 opera facile demonstrantur, ut triangulorum aequiangulorum proportio

425 2449 1956 208 nalitas, et quod circuli sint ut quadrata, Ephaerae et cubi dianeltrorum

412 2508 1934 210 per pongruentiam demonstraturis miras ambagibus indiguere

1137 2582 1432 171 comogem ocse cnd mpaties oman ontumont

1802 2674 30 52 t

457 2674 368 114 opus habuerei

450 2654 1891 183 Homge ostendi pt Unum repetitum ali qu utrumque repecu

467 2708 1877 203 altero etiam repelito si opus, majus fieri posse. At secundum

405 2760 2037 215 similitudinis considerationem Homogenea sunt, quae trans fereram

435 2837 1948 217 Eretentis scil. iisdem intrans formatilibus seu minimis

474 2980 717 149 sunt reddi similia

1533 3062 163 72 commu

210 2970 2240 247 atiam ex Rt alistiampitera eo duplex tractandi Geometriam sese ratio offert

383 3062 2017 188 una per sectiones seu partes communes, altera per motus

363 3141 2015 198 priore ratione ex_ a solidis ad superficies ab his ad lineas, a lineis

368 3230 2065 178 ad puncta descenvimus; posteriore via per punctum lineas, per lineam

383 3314 1236 180 superficies, per superficies solida formamus.

472 3381 1864 173 illud tamen videtur antequam obitineatur resolutio utri usque

415 3467 1946 163 Methodi in idem, non haberi perfectam Analysin

442 3593 403 104 Geometriae.

459 3680 42 69 s

521 3648 527 123 Ambisus solidi vel

1073 3574 1347 155 superficies est pars ambitus solidi quod ad solidi am

398 3732 677 101 bitum est homogeneumus

1221 3653 1236 138 linea vero ad superficiei ambitum. Sectio est

356 3724 2104 171 quais anbntus duabus communis itaque linea supers solidi minus plene continii

447 3776 2008 173 sectio esse potest inferior debila, solidi linea vel punctum, superficiei punctum. Et tunc

447 3823 2000 181 sectio non est panis ambilus. sed sectio plena, ambitus pars est. itaque superficies est

734 3890 1725 140 rectio alera solidi, line i sectio plena superfictei. linec omnissectio plena est

262 1794 88 86 seta

93 1855 257 75 uss semper in

210 2074 138 81 Hoealibi

103 1795 193 80 um qinimasi

108 1922 27 82 n

153 1972 99 86 tid a

323 1972 76 79 u

217 2123 94 61 molius

2551 296 265 99 passum, nauum

2737 373 74 66 ea

2536 383 146 136 onsusu

2551 472 166 76 utas unm

2749 299 74 91 ud

2551 518 199 83 helex cytinolica

2808 54 920 111 in eodem plano est, quod est in sectione

3048 128 191 87 intiuit

3241 160 94 92 Tata

2653 197 210 84 in eodem

2964 190 1862 114 lanum est sectio solidi interminati _ amsidentra; Hrbace voeranter

2850 249 1899 136 ambscextrum quod utrinque se eodem modo habet induo eodem se modo

2850 346 849 103 habensis illi ad ambo segulenta

4210 328 366 79 in utroque segmento

2751 435 208 92 isdempo

3080 378 1763 118 si solidum arte terminatum partes utriaque habeat, partim

3244 472 96 64 abitus

3382 459 87 67 blo

2905 563 509 106 planum terminatum

2930 570 1891 159 sit solidum t iisdem positis sit solidum terminatum, partem habens

2895 652 1889 136 in uno et alam in altero segmento  harum ambitus partem habeant

2897 714 1313 165 communem, ea pars communis est Ficura plana

2930 776 1926 168 iisdem positis Figura plana est pars communis. nabitus sectio communis

2880 857 1936 161 duorum pars communis ambitus duorum solidorum in segmentis existentium

2930 931 1913 161 lisdem positis Figuna plara vel pla est pars ambitus solidi posita

2930 993 1936 166 in plano et pars ambitus solidi cadens in hoc planum figura plana

4317 1040 499 99 linea non est figuras

2939 1122 248 84 appellatu

2863 1169 388 111 Ambetus est t

3182 1102 1656 185 et inula extensum quod ambitum habet, et aliquid _ ambito inclusum Itaque

2875 1248 196 94 apertiti

3179 1161 1689 198 Rapnt terminus solidi fotus ad ambitum homogeneus. Hovc

3988 1235 269 84 perficies foret

2868 1287 326 82 conditio adde

3498 1275 309 62 nea in superfici

2875 1263 1914 173 planum est quo superficies quae eadet in sectionem solidi interminati

2912 1305 1850 192 ut eodem modo se habentem ad ambo segmenta.. ipsa sectio

3844 1381 972 121 si omnis tet si omne punctum

2890 1436 799 145 est planum interminatum

2878 1453 1943 185 solidi interminati, vel cujus termini non considerantur, vocetur _Y

2885 1534 1926 173 Et sectione ejus duae fiant partes f, uniusque punctum quodlibet sit X,

2860 1613 1919 169 alterius Z. Sectionis punctum sit V.  ex natura sectionis

2865 1698 1914 163 omne V erit X, et omne omne V erit  X, et omne V erit =

2875 1801 1251 141 Et V  (locus omnium V) erit in X, et in Z

4193 1784 594 114 E erit Itaque ut

2878 1908 1117 116 V sit planum erit Fla V. X ∞ V. Z

4178 1866 688 126 Nam generaliter in calculo

2862 1957 1971 141 nostro notandum est: _ _ omne V esse in V. Et si omne V sit Z, fore

2897 2093 151 87 V in

2954 2068 1837 163 omne planum terminatum produci potest, e. Est enim in plano

2873 2142 1869 156 interminato. Et quidem produci potest in omnes partes. id est nullus

2875 2214 1897 153 plani terminus est, qui non terminis esse desinat, addito plano eundem terminum

2873 2291 1211 143 habente. sit plani ADC terminati terminus BC

2954 2325 1855 161 video demonstrandum dhuc esse quod ipsa plani solidi interminatio

2878 2402 1923 171 sectio in duas partes eodem modo se habentes sit interminata

2878 2493 1246 144 seu positis quae supra V esse interminatum

2986 2535 1810 166 inter infinitum et interminatum interest. Infinitum habet partes

2890 2605 1963 158 aequales numero pluves quam quarum numerus major est quvis dato. intermina

2888 2657 1901 182 tum est, quod caret _ Termino itaque si saccus ABC, infinitae esset

2883 2733 1960 158 capacitatis, tamen terminum haberet AB qui est Ambitus it potest esse circum

2878 2857 474 116 ferentia circuli

3498 2780 1323 163 absoente Absolille interminatum ne attingi

2915 2827 1901 208 ce esesolidum deptse interminatum ne attiugi quidem ab

2870 2904 1939 197 alio potest quidem ab alio potest. At superficies interminata

3790 2966 962 153 Itaque solidum solum potest esse

2883 3025 724 143 ut planum potest tangi

2826 3054 1424 191 absolute indeterminatum, ipsum scilicet spatium

2826 3121 2025 191 di spatie absolutium sectio in duo segmenta eodem modo se habentia, super

2838 3198 1973 165 ficies quae in hanc sectionem cadit dcitur planum, et quicquid in eam cadit in

2850 3267 1996 176 ha quicquid in hanc sectionem cadit, dicitur esse in uno plano; et superficies

2880 3361 945 141 in eam cadens ipsaret planum dicitur

2695 3378 2153 191 Solidum est extensum,  clausum, id est in quo sumi potest aliquid, quod

2702 3455 2087 183 ab externo, (id est partem communem cum ipso non habente) attingi non potest

2705 3522 2091 183 superficies est extensum habens ambitum, sed apertum, quod tamen ambitum

3990 3588 819 114 Linea est in qua nihil aliud

2705 3643 1003 123 habet, et aliquid ambitu contentum,

2705 3635 2094 203 est quam ambibus. extensum apertum in quo nihil est quod ambiri possit

2732 3791 457 106 quiu attingatur

3347 3729 1004 129 Ambitus est terminus, continuus tolus

2577 3776 2301 176 Extensum terminatum est vel clausum, vel asertum. Clausum est solidum. Apertum est linea

2569 3836 2294 177 superficies vel linea. Rursus Extensum terminatum vel s habet aliquid contentum ambitu, ut solidum

2717 3895 2161 163 superficies, vel non est figura 4 est linea sic ergo Extensum est vel sinea vel ti

3852 3934 1019 136 ura vel est apera, superficies, vel clansti solidum

2748 504 194 99 d hap

49 3806 227 86 Xin quaec

49 3865 190 94 totum fint

76 3922 181 67 sectum

373 4219 831 71 COTTFRED MILHEIM IEIBNIZ BIBLIOTHIEN

4282 4233 443 60 Signatur:. LH 35. 1. 14. 1156I. 781

356 4293 845 71 NIEDERSACHSISCHIELANDESBIBLIOTHEI
