2753 4434
949 756 221 79 generale

798 788 1388 106 spatium est locus omnium punctorum ita si funcdum qu

1005 847 1272 103 spatium erit Y. spatium est quod a spatio universali non

667 901 249 106 differt n

1333 906 86 69 acid

798 913 1425 138 Planum est sectio spatii utrinque se habens eodem modo

757 970 1557 165 Sint spatii Y partes X et Z. _ quae non habeant partem communem

764 1024 1518 183 et habeant tamen sectionem communem, ubi sint V, ita ut V sit Z

753 1096 1438 175 ut omne V sit Z et rursus omne V sit _, seu sit V _ ~: X ~=

756 1157 1449 180 erit planum V. seu erit V. Z ~ V. X. Hinc si s qu.

737 1214 1422 202 Aesit qu. Z sit A Cta dabitur B A. V ~ B. V sit ut quoddam Z sit B

818 1374 22 54 en

874 1253 1388 205 nnep quod non est in plano,  est in alterutio

756 1418 338 109 spatii segmento

1254 1394 214 98 cacius aliquid

828 1357 1459 219 omne continuum quod est in utroque spatii segmento, ejus aliquid

749 1433 1493 212 est in plano e Nam continuum est, cujus duae segmenta quaevis

734 1480 1531 217 duo constituentia quaevis habent segmentum commune. Sit ergo con=

736 1546 1484 207 linuum F, omne T est Y, sed omne Y est X vel Z (per praeced). Ergo

1192 1593 1087 175 omne T quod est X sit _ R et omne T quod est Z sit S

736 1721 410 96 omne T est X vel Z

1261 1657 1053 163 et T est R et S. sed T est continuum, ergo R et S

739 1763 520 121 ergo omne T est R vel S1

731 1716 1553 239 habent segmantum commune quod est R es et S, ergo et quod est X et Z. qua

746 1896 471 94 erut demonstrandum

793 1845 1457 199 Ostendendum est duo plana non comprehendere spatium, seu diverso plana non

756 1891 1484 210 posse habere communem peripheriam. item estendendum est duo plana quae produc

746 1926 1543 234 non coincidant pox sse habere partem communem. prorsus ut e duo similiacro, comata

798 2012 1511 170 visentu est an certa methodo semper hic definire possim, quid ex assumta definition

739 2064 1493 185 et hypothesi, consequatur: ito ut propositi a theorematis demonstratio, si exsu

2016 2116 78 78 e

721 2140 1248 153 Mnino obtineri potest, certa methodo nalytica inde dedicatur

731 2172 1529 173 ao ita etiam apparebit, quomodo diversae definitiones sibi aequipolleant, et

1818 2244 264 101 re mn

2173 2239 74 81 iu.

717 2285 421 121 quid  simplicsisimum.

428 1161 237 60 Sectio est pars

441 1197 199 61 quod commune

438 1226 205 69 est duabus par-

426 1266 229 68 tibus complentibus

2094 4298 461 54 Signatur: LH 3S, 12. 1. 1IIII. 56r

204 4288 478 106 lo onc remuunc omionur

202 4325 480 64 HEdeneneri ME rmorsmiorer

2000 2709 109 124 5b
