2915 4628
169 257 1372 144 onstat inter omnes inde a detecto per Torricel–

97 370 1366 115 lium primo Vacui quod vocant experimento, ex

118 455 1441 151 quo observatium est, non altitudine locorum tantum

149 550 1392 149 sed et tempestate Hydrargyri elevationem variare,

128 671 414 131 quaesitam esse

164 799 342 144 Prinus Torrice

1525 815 52 136 n

144 889 1404 149 Primus Galilaeus rem a Mechanicis tantum observa

136 974 1384 149 tam, at in philosophorum scholis tunc ignotam

138 1074 1125 165 in literas retulit, liquores scilicet

162 1154 1373 175 Ex quo Experimentum primum Vacui quod vocant

120 1244 1369 167 Experimentum a Torricellio detectum  per orbem

128 1326 1328 162 increbug observatum est a Paspalion lanuto,

113 1411 1366 175 duobus potissimis modis Hydrargyri al

120 1501 1351 159 titudinem variare,  tum ob lor variam

123 1560 1353 190 locorum altitudinem aut depressionem (manife.

131 1655 1296 160 stum enim erat mmus aeris sustineri minorem

108 1730 1404 182 esse aeris columnam, quae ex montis vertce

100 1825 1289 177 quam quae ex vallis profunditate assurgens, a

115 1894 1410 175 Mercurio sustiruiretur: tum vero ob differendem

133 1984 1369 173 ipsius aeris ponderositatem. prout ille oneraretur

87 2064 1379 170 vaporibus, aut sustineretur ventis aut alias

95 2139 1433 177 temporum mmutationes subiret, differentem)

95 2226 1353 203 fnstra quanquam in eam rem summo studio

110 2314 1395 200 sit inquisitum, regula tamen inpublico compa

87 2427 1364 156 ruot nulla hactenus nulla. Et quanquam

2163 2511 198 34 s

113 2501 1253 175 variis artibus qua ad conjiciendas

2143 2509 604 164 Torricellianus coepit;

293 2596 1142 170 inde in magnasm omnes spem erectim

79 2609 2650 242 sunt inveniendae regulae, per, quam x Barometro sic enim ab eotempore apperlan Tubus ille

2083 2745 47 71 e

74 2766 1392 172 in aliquot saltem dies praedici posset Aeris status

131 2838 1358 188 sed hactenus nihil tate in publico apparuit, t

102 2969 561 149 quae quanquam

324 3008 1150 164 Sed quanquam repertae sint artes Ba

169 3062 1364 187 lometrum  illud Torricelliano experimento

136 3126 1637 177 ini umi, a eam, a sessaetiami adertus s

118 3280 59 72 2

218 3203 1545 190 si ex summo domus in imum descendas, sentiri appareat

115 3298 75 101 ut

115 3293 1462 183 possit ascensus Mercurii, quanquam etiam a

105 3368 1374 185 multis annis exacta instituta sint experimenta

126 3417 1415 197 diariaque etiam condita quibus quotidianqus aerisu

92 3501 1461 211 Tubi Torricelliani status conferrentur, nihil tamen

113 3584 1363 213 gactenus in publico apparuit quod satisfaceret

128 3717 564 147 tantae inquisitioni.

877 3702 414 110 suspicionem fecit

352 3733 1186 177 Quae res mihi peruae coepit, Barometrum

138 3805 1305 203 quale hactenus adhibuimus non sufficere indicio tem–

141 3877 1217 187 pestatum, quid enim ex eo nonerussent V

126 3926 1314 180 nam sige tabe quid enim ex

131 3990 1314 188 eo non eraerent viri tanti, qui in  ejus mntationibus

149 4095 949 144 ad regulam revocandis laboravere

347 4121 1042 188 Haec vero suspicio mea, argumento

138 4186 1323 195 postea ex ipsa rei natura, ducto valdem

128 4274 1328 189 confirmata est; quom hoc loco exponere,

1489 3684 68 87 s

1494 3800 54 98 s

1498 3900 548 85 quod modo inesset,

2540 4369 143 137 10

1566 3108 826 105 1et ut sic dicam, sensibilitatem
