2736 4448
575 825 949 101 Celibe Dc sC eontiees cerula dua quae libet

588 855 1619 118 Continens est unum in quo sunt multa. sit contutus L, c A et 3,

583 887 1683 148 et quid est in L, vocetur L, erit tuncs et A sint in B di A sit L, et B sit L, etc

593 946 1475 148 Et omsse L sit in L, a erit L continens, A, vero et B erunt content a

640 968 1710 186 sintin L, Ano L  e pes A et B, nec, possit A assum in aliquo M existente inL

496 1042 1792 186 Ium possit etiam B assumi in aliquo tati ut M et N haberant aliquid commune

402 1193 233 114 en qut insit

677 1104 1327 200 positis dico L esse continuum et omne P sit L Nicisim autem

729 1136 1611 223 Si omne M sit L, et omne N sit L, _ omne L sit M vel Nserit L contin

624 1203 1617 210 et M, N erunt contenta consusicientia, vel erunt constitaeenti integrantia

724 1270 1591 202 Dua continur constituentia consufficientia habent aliquid commune

488 1322 1778 274 Ponatur dia sit consinuunL, eus duo constituentia consufficientia, sint _ ut R.

803 1391 1515 212 Exbitus se pnatur et R nihil habere commune, in A es assimatur utcuque

605 1438 1688 234 Ain c et B in p A non est in _ R nec B in _, alirqui Adit _ et _ haberent aci quid

615 1507 1703 215 commune contramys. Sed quia tamen A et B sunt in L continuo, aportet alsumi

2056 1603 212 74 econtla

632 1556 1713 208 posse A in aaqua  et B in aliquo N, sic ut M et  habearit aliqucd commune

635 1628 1406 190 A Ipsum commune MN, non cadit in Q et B simul aliopoi ium hoent aliquid onu

1485 1638 853 156 R, M2, NR, N2, M nonque non R, N non  non R

637 1734 789 114 Ergonca id aerurum velBt in K Hebr

1280 1719 786 121 abiorem si puraestare continuum sic difiniri,

617 1796 613 128 Videa difficiliorem sic redii damo

711 1739 1607 215 Continuum est cujus duo quaevis constituentia integrantia habent aliquia

635 1798 1663 203 commune sit continuum L et integrantia ejus sint, M et N, dabitur aliquid

642 1845 1607 213 MN, et vicissim si duo quavis M et N integrantia L habeant aliquid commune,

659 2006 440 91 ipsum L continuum erit

1280 1994 158 69 iintcontium

682 1944 1636 220 Hinc non possunt aFsuotari punc duo _ L, nem vedat A et B, quin asumto

652 2112 450 133 in m in _ in M

778 2028 1550 260 Si in continuodentur A et B, et A quidem in M, duo poterit reperiri N

721 2095 1604 259 continuum ipsi M, in quo sit B. tale _ continuum N, erit quod supererit

709 2154 1567 257 si ab L abscindas M, et quicquid preterea volveris, quod neque M neque B

716 2374 235 104 continus at

430 2097 153 84 idg

2078 4309 465 59 Signatur: Lt 3S. T2. 1. P1I7)- SOr

197 4302 477 101 ncommncamuon ortae
