4846 4340
2540 438 1140 99 Fraction est le nombre d'une certaine

2474 515 1211 131 sorte de parties egales, dans les quelles l'unite a este

2470 597 1143 111 divisee. Par exemple si l'unite est un ecus,

2460 655 1237 140 ou 24 bon gros. on pourra  que 16 gros sont deux

2450 735 1199 137 tiers ou 2 d'un ecus. car l'ecqt etant divise en

2457 814 1219 135 trois parties egales su en troisiemes, on en prend deux.

2460 884 1307 133 Ainsi dans la fraction Z, on appelle 2 le Numerateur

2460 957 1232 130 parce qu'il exprime le nombre des parties egales; mais

2467 1003 1250 149 3 est appelle le denominatent, par ce qu il explique la

2460 1070 1208 157 sorte de parties egales, et nous sait entendre que

2451 1191 540 108 ce sont des troisiemes

2532 1215 1156 144 Lors que Numerateur est egat au denominateur

2460 1297 1138 147 la Fraction vant autant que l'unite, par

2465 1367 1141 144 exemple 3 Vaul 1. c trois troisiemes estant

2467 1511 282 92 tonte l'unite

2539 1504 1250 157 Lors que Numerateur est plus grand que le denominateur

2455 1584 1225 159 il comprend des Entiers,  et on les trouue

2455 1656 1213 164 en divisant le Numerateur par le denominateur.

2465 1726 1218 164 pex le quotient donne les Entiers, et le Residu

2470 1801 1225 149 divise par le denominatenr ou par le diviseur donne

2465 1858 1242 167 la fraction Ainsi  vant 1  est a dire 1 plus

2450 1948 1199 142 car divisant 4 par 3 vient  erese le quotient I, et

2450 2003 1182 140 U residu 1 divise par 3, donne Z. = Si la diviscon

2431 2088 1206 130 inste renssissoit juste sans Residu tonte la Fraction

2453 2141 1389 168 egateroit des entiers, par exemple 6, fart eq fait 2.

2441 2223 1184 154 car sivi fai,c'est a dire six troisiemes fant

2441 2297 1189 152 deux unites, paisque trois troisicmes sont une unite,

2441 2345 1630 177 comme nons lavont deja dit. Dememe 33 donneroit 33 tout juste.

2552 2449 1182 157 On voit par la que la Fraction n est autre

2445 2543 1308 157 chose que la Representation dus d'une division a

3810 2671 170 75 del'unite

2450 2628 1216 159 faire, par exemple 100, ne vent dire autre chose

2429 2710 2373 173 si non,  la troisieme partie de 100, ou bien cenf Troisiemes. Et si l'unite etort un cele, de seroit 100 300 8 gros

2431 2808 1254 135 qe d unite. Et comme la division ne se peut

2443 2866 1291 152 point faire, d'abord, quand le Numerateur, on le nombre

2443 2943 1341 143 a diviser est moindree le diviseur. cela vent dire qu'on

2443 3018 1346 145 dvit differer la division, jusqu'a ce que ce Numerateur

2441 3086 1256 152 soit muttiplie par quelque ohise qui le rende divisible

2429 3156 1560 188 par exemple 2 d'un ecas signifient qu'on doit _ diviser 2 par 3

2436 3264 1324 145 ce qu'on pourra faire quand ce 2 sera multiplie par

2436 3327 1240 159 quelqus nombre, et deviendra plus grand que 3. p

2448 3418 1230 131 Et cela arrivera quandon resondra l'Ecu en gros,

2436 3493 1242 116 on autres parties. Car l'acu contenant 24 gros.

2431 3558 1182 121 deux ecus seront 48 gros, qu'on pent diviser par 3

2421 3621 1274 130 et il vient 16. Donc 16 gros sont Z de I'E Ecu.

347 4113 854 67 COFTFRED MILHIEIM LEIBNIIZ BIBLIOTTIEX

4201 4125 452 65 Sionalur: LH 35. a. 12. 117I. S

4669 4106 73 91 Dt

337 4188 871 57 MIEDERSACNSISCHE LANDESBIBLIOTNEK

3890 1878 70 70 +

3871 1904 921 118 100 vant 33 7 car divisant 100 par 3 il en

3881 1979 687 113 vient 33, et reste I, qui donne Z
