<?xml version="1.0" encoding="UTF-8"?>
<alto xmlns:xsi="http://www.w3.org/2001/XMLSchema-instance"
      xmlns="http://www.loc.gov/standards/alto/ns-v4#"
      xsi:schemaLocation="http://www.loc.gov/standards/alto/ns-v4# http://www.loc.gov/standards/alto/v4/alto-4-2.xsd">
  <Description>
    <MeasurementUnit>pixel</MeasurementUnit>
    <sourceImageInformation>
      <fileName>LH_35_1_27_0007v-0006r.jpg</fileName>
      
    </sourceImageInformation>
  </Description>
  
  <Tags>
    <OtherTag ID="BT16575" LABEL="MarginTextZone" DESCRIPTION="block type MarginTextZone"/><OtherTag ID="BT16576" LABEL="DamageZone" DESCRIPTION="block type DamageZone"/><OtherTag ID="BT16577" LABEL="DigitizationArtefactZone" DESCRIPTION="block type DigitizationArtefactZone"/><OtherTag ID="BT16578" LABEL="DropCapitalZone" DESCRIPTION="block type DropCapitalZone"/><OtherTag ID="BT16579" LABEL="GraphicZone" DESCRIPTION="block type GraphicZone"/><OtherTag ID="BT16581" LABEL="NumberingZone" DESCRIPTION="block type NumberingZone"/><OtherTag ID="BT16582" LABEL="QuireMarksZone" DESCRIPTION="block type QuireMarksZone"/><OtherTag ID="BT16583" LABEL="RunningTitleZone" DESCRIPTION="block type RunningTitleZone"/><OtherTag ID="BT16584" LABEL="SealZone" DESCRIPTION="block type SealZone"/><OtherTag ID="BT16585" LABEL="StampZone" DESCRIPTION="block type StampZone"/><OtherTag ID="BT27322" LABEL="text" DESCRIPTION="block type text"/><OtherTag ID="BT27323" LABEL="GraphicZone-formula-inline" DESCRIPTION="block type GraphicZone-formula-inline"/><OtherTag ID="BT27324" LABEL="GraphicZone-formula-complex" DESCRIPTION="block type GraphicZone-formula-complex"/><OtherTag ID="BT27325" LABEL="MainZone" DESCRIPTION="block type MainZone"/><OtherTag ID="BT27326" LABEL="GraphicZone-figure" DESCRIPTION="block type GraphicZone-figure"/><OtherTag ID="BT27327" LABEL="GraphicZone-formula-strikethrough" DESCRIPTION="block type GraphicZone-formula-strikethrough"/>
    <OtherTag ID="LT6926" LABEL="DefaultLine" DESCRIPTION="line type DefaultLine"/><OtherTag ID="LT6927" LABEL="HeadingLine" DESCRIPTION="line type HeadingLine"/><OtherTag ID="LT6928" LABEL="InterlinearLine" DESCRIPTION="line type InterlinearLine"/><OtherTag ID="LT11324" LABEL="default" DESCRIPTION="line type default"/>
  </Tags>
  
  <Layout>
    <Page WIDTH="4925"
          HEIGHT="4430"
          PHYSICAL_IMG_NR="216"
          ID="eSc_dummypage_">
      <PrintSpace HPOS="0"
                  VPOS="0"
                  WIDTH="4925"
                  HEIGHT="4430">
        
        <TextBlock HPOS="68"
                   VPOS="98"
                   WIDTH="2004"
                   HEIGHT="3630"
                   ID="r0"
                   TAGREFS="BT27325">
          <Shape><Polygon POINTS="930 98 167 147 108 187 68 285 78 1346 157 1575 147 1759 88 1860 78 2933 88 3521 137 3728 470 3718 561 3659 1389 3586 1396 3533 1375 3422 1303 3427 1300 3318 1257 3225 1466 3223 1470 3129 1258 3119 1323 2988 1242 2813 1585 2793 1983 2783 2072 2744 2062 2687 2003 2667 1611 2661 1621 2596 1582 2421 1457 2372 1405 2291 1464 2133 1474 1860 1375 1703 1188 1641 1188 1476 1159 1447 1201 1365 1375 1306 1405 1151 1375 1102 1562 962 1555 833 1378 826 1297 775 1356 315 1395 127 1326 98"/></Shape>
          
          
          <TextLine ID="eSc_line_7e09b557"
                    TAGREFS="LT11324"
                    BASELINE="162 221 1341 179" 
                    HPOS="157"
                    VPOS="110"
                    WIDTH="1184"
                    HEIGHT="163">
            <Shape><Polygon POINTS="1302 140 1233 120 1215 115 1191 115 1166 113 1156 110 1142 113 1139 113 1137 113 1122 123 1082 147 1004 137 1001 137 999 137 996 137 996 140 994 140 984 155 918 155 817 130 790 125 787 125 785 125 782 125 772 132 735 155 726 145 723 145 721 145 718 145 716 145 639 164 575 159 548 137 546 135 543 135 541 135 539 135 433 137 430 137 415 142 295 177 228 150 206 152 182 152 157 155 162 221 162 273 251 273 253 273 255 273 255 270 273 253 305 265 307 265 310 265 312 265 383 243 487 263 504 265 507 265 578 263 580 263 593 258 652 233 708 248 711 248 713 248 716 248 792 228 908 236 910 236 913 236 937 223 977 243 989 248 991 248 994 248 996 248 999 248 999 246 1006 241 1028 221 1080 231 1082 231 1193 216 1220 233 1230 238 1233 238 1235 238 1238 238 1341 226 1341 179 1329 123 1321 123"/></Shape>
	    <String CONTENT="figurae autem quae in charta aut pulvere"
                    HPOS="157"
                    VPOS="110"
                    WIDTH="1184"
                    HEIGHT="163"
                    WC="0.9778527677059173"></String>
          </TextLine>

          
          
          <TextLine ID="eSc_line_8ae7eba9"
                    TAGREFS="LT11324"
                    BASELINE="81 315 1191 265" 
                    HPOS="76"
                    VPOS="214"
                    WIDTH="1115"
                    HEIGHT="130">
            <Shape><Polygon POINTS="81 344 300 329 319 337 339 344 342 344 344 344 347 344 379 334 398 327 443 329 521 337 524 337 526 337 529 337 529 334 539 324 546 319 573 324 627 332 630 332 632 332 669 319 689 312 703 317 730 327 733 327 735 327 738 327 790 312 814 307 839 310 890 319 893 319 957 315 959 315 962 315 962 312 964 312 969 305 974 300 996 302 1043 310 1046 310 1048 310 1070 300 1082 295 1191 295 1191 265 1183 214 1110 231 1085 219 1073 214 1070 214 1068 214 1031 221 994 231 969 226 940 219 937 219 935 219 932 219 930 219 915 228 900 241 888 231 878 223 876 223 873 223 871 223 743 226 740 226 699 243 676 251 585 248 497 248 494 248 492 248 475 255 462 263 349 263 310 246 307 246 305 246 302 246 241 270 238 270 174 253 172 253 169 253 167 253 164 253 130 275 108 260 105 260 103 260 100 260 98 260 95 260 76 273 81 315"/></Shape>
	    <String CONTENT="delineantur etsi commoliores sint tamen"
                    HPOS="76"
                    VPOS="214"
                    WIDTH="1115"
                    HEIGHT="130"
                    WC="0.9730172890883225"></String>
          </TextLine>

          
          
          <TextLine ID="eSc_line_70eaeac1"
                    TAGREFS="LT11324"
                    BASELINE="71 388 1289 337" 
                    HPOS="69"
                    VPOS="292"
                    WIDTH="1220"
                    HEIGHT="138">
            <Shape><Polygon POINTS="71 430 251 406 329 420 332 420 334 420 337 420 339 420 366 406 676 406 745 406 745 403 748 403 760 401 834 379 1011 374 1073 386 1095 388 1097 388 1188 383 1191 383 1193 383 1193 381 1196 379 1210 366 1287 374 1289 337 1284 305 1117 292 1114 292 1112 292 1053 312 925 305 922 305 812 322 711 310 708 310 706 310 652 327 561 317 558 317 472 337 425 322 423 322 420 322 418 322 415 322 415 324 398 342 228 347 191 334 189 334 187 334 69 354 69 362 71 388"/></Shape>
	    <String CONTENT="nec omnia simul exhibere possunt, itaque multarum"
                    HPOS="69"
                    VPOS="292"
                    WIDTH="1220"
                    HEIGHT="138"
                    WC="0.9838268233805286"></String>
          </TextLine>

          
          
          <TextLine ID="eSc_line_ff83dd47"
                    TAGREFS="LT11324"
                    BASELINE="83 462 1279 413" 
                    HPOS="78"
                    VPOS="371"
                    WIDTH="1201"
                    HEIGHT="143">
            <Shape><Polygon POINTS="83 497 140 514 142 514 145 514 147 514 201 492 206 492 209 492 258 509 260 509 263 509 371 487 393 482 401 484 435 502 438 502 440 502 443 502 482 482 507 470 686 465 703 474 728 489 730 489 733 489 735 489 858 484 861 484 900 465 922 455 977 462 1058 474 1060 474 1063 474 1065 474 1087 457 1105 445 1181 445 1201 455 1220 462 1223 462 1225 462 1279 450 1279 413 1274 381 1156 371 1154 371 1087 386 1085 388 78 420 83 462"/></Shape>
	    <String CONTENT="figurarum conjuactione opus est, et quaedam"
                    HPOS="78"
                    VPOS="371"
                    WIDTH="1201"
                    HEIGHT="143"
                    WC="0.9902753400248151"></String>
          </TextLine>

          
          
          <TextLine ID="eSc_line_66351c0b"
                    TAGREFS="LT11324"
                    BASELINE="76 551 1235 499" 
                    HPOS="73"
                    VPOS="457"
                    WIDTH="1162"
                    HEIGHT="131">
            <Shape><Polygon POINTS="76 585 145 575 164 583 172 588 174 588 177 588 179 588 182 588 182 585 184 585 187 583 196 568 241 566 292 578 324 583 327 583 329 583 332 583 342 573 349 566 455 558 475 566 502 578 504 578 507 578 563 575 637 558 667 551 676 556 701 568 703 568 706 568 890 561 893 561 977 538 984 536 1117 529 1122 531 1142 543 1144 543 1146 543 1149 543 1235 524 1235 499 1230 457 787 487 740 482 689 477 686 477 684 477 681 477 681 479 674 487 667 492 652 487 625 479 622 479 620 479 548 492 507 499 455 497 349 492 347 492 344 492 302 506 287 509 265 506 191 499 189 499 73 516 76 551"/></Shape>
	    <String CONTENT="omnino exhibere nie possunt; quemadmodum cum"
                    HPOS="73"
                    VPOS="457"
                    WIDTH="1162"
                    HEIGHT="131"
                    WC="0.9750542423941873"></String>
          </TextLine>

          
          
          <TextLine ID="eSc_line_3992daf3"
                    TAGREFS="LT11324"
                    BASELINE="81 632 908 585" 
                    HPOS="76"
                    VPOS="538"
                    WIDTH="832"
                    HEIGHT="131">
            <Shape><Polygon POINTS="81 654 115 666 118 666 120 666 123 666 179 649 182 649 248 669 251 669 253 669 418 637 430 634 452 634 775 639 777 639 905 607 908 585 905 551 873 538 871 538 868 538 866 538 863 538 841 556 839 558 723 561 718 558 691 546 689 546 686 546 556 566 467 578 447 568 430 561 428 561 425 561 329 573 162 595 137 580 137 578 135 578 132 578 130 578 76 580 81 632"/></Shape>
	    <String CONTENT="ad suprasolida ascendimus."
                    HPOS="76"
                    VPOS="538"
                    WIDTH="832"
                    HEIGHT="131"
                    WC="0.9730442235103021"></String>
          </TextLine>

          
          
          <TextLine ID="eSc_line_5fc26192"
                    TAGREFS="LT11324"
                    BASELINE="927 585 1220 566" 
                    HPOS="922"
                    VPOS="526"
                    WIDTH="298"
                    HEIGHT="72">
            <Shape><Polygon POINTS="927 598 1220 598 1220 566 1215 529 999 526 996 526 994 526 922 546 927 585"/></Shape>
	    <String CONTENT="licet itaque"
                    HPOS="922"
                    VPOS="526"
                    WIDTH="298"
                    HEIGHT="72"
                    WC="0.9966943810383478"></String>
          </TextLine>

          
          
          <TextLine ID="eSc_line_45184089"
                    TAGREFS="LT11324"
                    BASELINE="98 703 1186 637" 
                    HPOS="93"
                    VPOS="598"
                    WIDTH="1093"
                    HEIGHT="155">
            <Shape><Polygon POINTS="103 753 152 726 199 735 201 735 287 718 366 733 379 735 381 735 403 730 539 701 553 713 553 716 556 716 558 716 561 716 563 716 603 701 642 716 654 718 657 718 659 718 662 718 681 713 750 689 802 703 819 708 822 708 824 708 826 708 844 701 873 689 910 696 925 698 927 698 954 694 1031 674 1065 686 1085 691 1087 691 1090 691 1092 691 1119 681 1156 666 1183 676 1186 637 1183 607 1033 598 1031 598 1028 598 1026 598 1026 600 1023 600 1011 617 888 622 866 607 863 607 861 607 858 607 856 607 775 630 706 620 703 620 627 637 583 625 580 625 578 625 575 625 534 644 450 634 447 634 445 634 443 634 423 649 393 637 391 637 388 637 386 637 329 657 216 647 214 647 110 654 108 654 105 654 93 662 98 703"/></Shape>
	    <String CONTENT="facile ex figura sequenti perspiciamus"
                    HPOS="93"
                    VPOS="598"
                    WIDTH="1093"
                    HEIGHT="155"
                    WC="0.9850404670363978"></String>
          </TextLine>

          
          
          <TextLine ID="eSc_line_5929c628"
                    TAGREFS="LT11324"
                    BASELINE="526 760 681 753" 
                    HPOS="524"
                    VPOS="706"
                    WIDTH="157"
                    HEIGHT="120">
            <Shape><Polygon POINTS="526 807 620 817 625 790 630 819 681 826 681 753 674 718 615 726 605 721 575 706 573 706 571 706 568 706 524 721 526 760"/></Shape>
	    <String CONTENT=":bod"
                    HPOS="524"
                    VPOS="706"
                    WIDTH="157"
                    HEIGHT="120"
                    WC="0.9449809193611145"></String>
          </TextLine>

          
          
          <TextLine ID="eSc_line_29d782d3"
                    TAGREFS="LT11324"
                    BASELINE="881 726 1210 708" 
                    HPOS="876"
                    VPOS="662"
                    WIDTH="334"
                    HEIGHT="125">
            <Shape><Polygon POINTS="881 755 940 755 942 758 972 782 972 785 974 785 977 785 979 787 1031 787 1053 787 1053 785 1055 785 1117 762 1156 780 1159 780 1161 780 1164 780 1166 780 1210 750 1210 708 1208 674 1183 662 1181 662 1178 662 1063 676 1023 664 1021 664 1018 664 876 689 881 726"/></Shape>
	    <String CONTENT="3. S. 10 15"
                    HPOS="876"
                    VPOS="662"
                    WIDTH="334"
                    HEIGHT="125"
                    WC="0.951257353479212"></String>
          </TextLine>

          
          
          <TextLine ID="eSc_line_f52e3fd9"
                    TAGREFS="LT11324"
                    BASELINE="310 819 403 824" 
                    HPOS="305"
                    VPOS="735"
                    WIDTH="98"
                    HEIGHT="133">
            <Shape><Polygon POINTS="305 854 359 868 361 868 364 868 366 868 401 851 403 824 403 765 312 735 310 819"/></Shape>
	    <String CONTENT="ve"
                    HPOS="305"
                    VPOS="735"
                    WIDTH="98"
                    HEIGHT="133"
                    WC="0.8232054114341736"></String>
          </TextLine>

          
          
          <TextLine ID="eSc_line_b41abf23"
                    TAGREFS="LT11324"
                    BASELINE="620 794 639 792" 
                    HPOS="615"
                    VPOS="760"
                    WIDTH="27"
                    HEIGHT="76">
            <Shape><Polygon POINTS="625 836 642 834 639 792 632 760 615 760 620 794"/></Shape>
	    <String CONTENT="e"
                    HPOS="615"
                    VPOS="760"
                    WIDTH="27"
                    HEIGHT="76"
                    WC="0.7329915761947632"></String>
          </TextLine>

          
          
          <TextLine ID="eSc_line_71aae5af"
                    TAGREFS="LT11324"
                    BASELINE="913 797 1210 785" 
                    HPOS="910"
                    VPOS="745"
                    WIDTH="300"
                    HEIGHT="101">
            <Shape><Polygon POINTS="913 844 1028 846 1031 846 1033 846 1065 831 1078 824 1210 817 1210 785 1203 745 910 765 913 797"/></Shape>
	    <String CONTENT="49 16 25"
                    HPOS="910"
                    VPOS="745"
                    WIDTH="300"
                    HEIGHT="101"
                    WC="0.9059966504573822"></String>
          </TextLine>

          
          
          <TextLine ID="eSc_line_c22407c3"
                    TAGREFS="LT11324"
                    BASELINE="155 927 253 920" 
                    HPOS="150"
                    VPOS="878"
                    WIDTH="103"
                    HEIGHT="79">
            <Shape><Polygon POINTS="155 957 253 947 253 920 246 878 150 878 155 927"/></Shape>
	    <String CONTENT="duos"
                    HPOS="150"
                    VPOS="878"
                    WIDTH="103"
                    HEIGHT="79"
                    WC="0.9854535609483719"></String>
          </TextLine>

          
          
          <TextLine ID="eSc_line_b4e2670c"
                    TAGREFS="LT11324"
                    BASELINE="93 979 681 942 1528 915" 
                    HPOS="91"
                    VPOS="856"
                    WIDTH="1437"
                    HEIGHT="162">
            <Shape><Polygon POINTS="123 1018 125 1018 127 1018 428 989 445 989 447 989 482 1004 484 1004 487 1004 489 1004 492 1004 509 989 669 996 671 996 674 996 711 981 740 972 767 981 777 984 780 984 782 984 807 979 851 969 863 979 868 984 871 984 873 984 876 984 878 984 890 977 913 964 932 977 935 979 937 979 940 979 942 979 945 979 957 977 1001 962 1018 974 1021 974 1023 974 1026 974 1028 974 1031 974 1063 957 1203 952 1220 969 1223 969 1223 972 1225 972 1228 972 1230 972 1257 967 1326 954 1366 964 1373 967 1375 967 1378 967 1380 967 1385 964 1422 945 1528 959 1528 915 1523 876 1471 856 1469 856 1466 856 1464 856 1461 856 1461 858 1439 878 1405 866 1402 866 1400 866 1398 866 1395 866 1375 881 1348 861 1346 861 1343 861 1341 861 1191 866 1092 890 1063 895 1014 890 890 881 888 881 886 881 856 895 839 905 790 898 728 888 726 888 723 888 721 888 703 900 691 908 674 900 644 890 642 890 639 890 563 903 489 917 475 905 472 905 470 905 467 905 465 905 460 908 428 922 297 915 295 915 292 915 290 915 290 917 278 930 137 932 91 917 93 979 93 1001"/></Shape>
	    <String CONTENT="duobus numeros triangulares sibi proximo,  (ut 10 et 6)"
                    HPOS="91"
                    VPOS="856"
                    WIDTH="1437"
                    HEIGHT="162"
                    WC="0.983751094341278"></String>
          </TextLine>

          
          
          <TextLine ID="eSc_line_749374eb"
                    TAGREFS="LT11324"
                    BASELINE="91 1050 836 1004 1260 991" 
                    HPOS="88"
                    VPOS="942"
                    WIDTH="1172"
                    HEIGHT="153">
            <Shape><Polygon POINTS="132 1095 135 1095 137 1095 194 1090 196 1090 199 1090 223 1073 228 1068 246 1070 297 1082 300 1082 302 1082 305 1082 327 1068 334 1063 371 1065 420 1070 423 1070 425 1070 428 1070 438 1063 455 1053 507 1060 519 1060 521 1060 534 1058 593 1045 607 1055 625 1068 627 1068 630 1068 632 1068 713 1050 728 1048 740 1050 780 1058 782 1058 785 1058 817 1045 861 1031 908 1043 945 1050 947 1050 1018 1038 1129 1016 1149 1031 1156 1038 1159 1038 1161 1038 1164 1038 1166 1038 1169 1038 1169 1036 1171 1036 1174 1031 1178 1026 1257 1026 1260 991 1252 942 888 952 886 952 883 952 873 962 858 972 797 964 777 964 775 964 772 964 762 967 730 979 718 969 716 967 713 967 711 967 708 967 706 967 696 972 662 984 534 979 499 979 497 979 494 979 487 981 460 996 118 1013 88 1004 91 1050 91 1077"/></Shape>
	    <String CONTENT="componere numerum quadratum a."
                    HPOS="88"
                    VPOS="942"
                    WIDTH="1172"
                    HEIGHT="153"
                    WC="0.9840772390365601"></String>
          </TextLine>

          
          
          <TextLine ID="eSc_line_aaa576cc"
                    TAGREFS="LT11324"
                    BASELINE="93 1124 777 1070 1274 1055" 
                    HPOS="88"
                    VPOS="1004"
                    WIDTH="1186"
                    HEIGHT="150">
            <Shape><Polygon POINTS="93 1154 332 1151 334 1151 337 1151 347 1141 366 1129 435 1137 484 1141 487 1141 489 1141 509 1132 536 1117 726 1102 750 1117 760 1124 762 1124 765 1124 767 1124 770 1124 772 1124 772 1122 780 1117 794 1102 886 1092 927 1107 930 1107 932 1107 935 1107 937 1107 940 1107 967 1090 1001 1100 1004 1100 1006 1100 1095 1085 1110 1095 1117 1102 1119 1102 1122 1102 1124 1102 1127 1102 1164 1092 1223 1077 1272 1085 1274 1055 1270 1013 1174 1006 1171 1006 1169 1006 1166 1006 1166 1009 1156 1018 1127 1004 1124 1004 1122 1004 925 1033 922 1033 846 1021 844 1021 644 1050 371 1050 369 1050 209 1077 132 1065 130 1065 127 1065 88 1082 93 1124"/></Shape>
	    <String CONTENT="majoris a (4.) late re e majoris; non ideo tamen"
                    HPOS="88"
                    VPOS="1004"
                    WIDTH="1186"
                    HEIGHT="150"
                    WC="0.9069538510714968"></String>
          </TextLine>

          
          
          <TextLine ID="eSc_line_991a1bb2"
                    TAGREFS="LT11324"
                    BASELINE="88 1201 696 1141 1252 1112" 
                    HPOS="83"
                    VPOS="1070"
                    WIDTH="1169"
                    HEIGHT="165">
            <Shape><Polygon POINTS="91 1235 251 1203 305 1218 307 1218 310 1218 312 1218 324 1215 475 1183 696 1171 713 1183 716 1186 718 1186 721 1186 723 1186 726 1186 728 1186 728 1183 730 1181 743 1169 829 1161 910 1166 947 1169 950 1169 952 1169 954 1169 962 1161 986 1146 1023 1156 1038 1161 1041 1161 1043 1161 1252 1137 1252 1112 1245 1070 888 1097 881 1097 814 1087 812 1087 809 1087 765 1107 762 1109 743 1109 524 1109 521 1109 519 1109 516 1109 516 1112 514 1112 502 1127 502 1129 457 1132 445 1132 364 1122 361 1122 359 1122 324 1141 322 1141 312 1141 211 1134 209 1134 206 1134 204 1134 204 1137 201 1137 189 1151 189 1154 83 1159 88 1201"/></Shape>
	    <String CONTENT="simili methodo facile deprehendemus summam"
                    HPOS="83"
                    VPOS="1070"
                    WIDTH="1169"
                    HEIGHT="165"
                    WC="0.9851165442239671"></String>
          </TextLine>

          
          
          <TextLine ID="eSc_line_584a8066"
                    TAGREFS="LT11324"
                    BASELINE="93 1260 1353 1169" 
                    HPOS="88"
                    VPOS="1119"
                    WIDTH="1265"
                    HEIGHT="173">
            <Shape><Polygon POINTS="93 1292 366 1262 398 1274 401 1274 403 1274 413 1274 475 1260 511 1267 519 1267 521 1267 524 1267 526 1267 526 1265 548 1250 617 1255 620 1255 708 1237 765 1250 772 1250 775 1250 777 1250 782 1247 822 1233 964 1235 977 1235 979 1235 982 1235 984 1235 1028 1215 1114 1223 1117 1223 1119 1223 1186 1203 1353 1208 1353 1169 1348 1129 1306 1119 1304 1119 1302 1119 1299 1119 1297 1119 1297 1122 1279 1134 1260 1119 1257 1119 1255 1119 1252 1119 1250 1119 1247 1119 1220 1141 1213 1146 1164 1146 1159 1146 1137 1129 1134 1129 1132 1129 1129 1129 1127 1129 1124 1129 1090 1151 1082 1154 1073 1151 1021 1137 1018 1137 1016 1137 1014 1137 952 1161 942 1164 937 1161 915 1154 913 1154 910 1154 908 1154 871 1166 866 1169 861 1169 817 1151 814 1151 812 1151 809 1151 770 1166 748 1156 745 1156 743 1156 539 1171 536 1171 475 1198 470 1201 445 1201 283 1201 280 1201 278 1201 275 1201 275 1203 263 1213 263 1215 88 1225 93 1260"/></Shape>
	    <String CONTENT="numerorum, quadraoui dei reps inde ab unitate"
                    HPOS="88"
                    VPOS="1119"
                    WIDTH="1265"
                    HEIGHT="173"
                    WC="0.8679179403516981"></String>
          </TextLine>

          
          
          <TextLine ID="eSc_line_1603c44e"
                    TAGREFS="LT11324"
                    BASELINE="93 1329 1334 1240" 
                    HPOS="88"
                    VPOS="1188"
                    WIDTH="1246"
                    HEIGHT="190">
            <Shape><Polygon POINTS="95 1378 511 1331 713 1336 716 1336 819 1329 822 1329 890 1304 1014 1311 1016 1311 1018 1311 1021 1311 1021 1309 1041 1292 1095 1289 1228 1299 1230 1299 1233 1299 1235 1299 1238 1299 1267 1277 1334 1292 1334 1240 1329 1203 1228 1191 1225 1191 1223 1191 1220 1191 1208 1203 1186 1188 1183 1188 1181 1188 1178 1188 1176 1188 1142 1205 1014 1201 1011 1201 1009 1201 1006 1201 969 1228 964 1228 913 1220 910 1220 908 1220 866 1235 863 1235 829 1218 826 1218 824 1218 822 1218 767 1242 765 1245 694 1247 691 1247 674 1235 671 1235 669 1235 667 1235 539 1257 526 1260 524 1260 477 1242 475 1242 472 1242 283 1252 88 1289 93 1329"/></Shape>
	    <String CONTENT="esse tbum mumeri triangularis ejusdem lateris"
                    HPOS="88"
                    VPOS="1188"
                    WIDTH="1246"
                    HEIGHT="190"
                    WC="0.9150433318482505"></String>
          </TextLine>

          
          
          <TextLine ID="eSc_line_8f140e1f"
                    TAGREFS="LT11324"
                    BASELINE="169 1449 959 1390" 
                    HPOS="164"
                    VPOS="1341"
                    WIDTH="795"
                    HEIGHT="143">
            <Shape><Polygon POINTS="172 1484 664 1434 959 1427 959 1390 952 1341 881 1356 846 1348 839 1346 836 1346 834 1346 831 1346 824 1348 787 1363 654 1360 625 1360 622 1360 620 1360 607 1363 543 1380 507 1370 504 1370 502 1370 499 1370 497 1370 494 1370 455 1390 292 1400 164 1395 169 1449"/></Shape>
	    <String CONTENT="Latera caborum 1 2 3 4"
                    HPOS="164"
                    VPOS="1341"
                    WIDTH="795"
                    HEIGHT="143"
                    WC="0.9911407990889116"></String>
          </TextLine>

          
          
          <TextLine ID="eSc_line_354644ea"
                    TAGREFS="LT11324"
                    BASELINE="209 1511 504 1503 573 1491" 
                    HPOS="206"
                    VPOS="1447"
                    WIDTH="367"
                    HEIGHT="103">
            <Shape><Polygon POINTS="209 1535 273 1550 275 1550 278 1550 329 1538 502 1545 504 1545 507 1545 509 1545 531 1525 534 1525 573 1525 573 1491 566 1459 430 1447 428 1447 206 1469 209 1511"/></Shape>
	    <String CONTENT="Cubi q"
                    HPOS="206"
                    VPOS="1447"
                    WIDTH="367"
                    HEIGHT="103"
                    WC="0.9231107036272684"></String>
          </TextLine>

          
          
          <TextLine ID="eSc_line_ebae4087"
                    TAGREFS="LT11324"
                    BASELINE="775 1461 1112 1444" 
                    HPOS="770"
                    VPOS="1397"
                    WIDTH="342"
                    HEIGHT="91">
            <Shape><Polygon POINTS="775 1474 822 1488 824 1488 826 1488 829 1488 861 1474 871 1471 890 1474 937 1484 940 1484 979 1474 1016 1466 1110 1474 1112 1444 1105 1397 770 1417 775 1461"/></Shape>
	    <String CONTENT="27 64 125"
                    HPOS="770"
                    VPOS="1397"
                    WIDTH="342"
                    HEIGHT="91"
                    WC="0.9855652981334262"></String>
          </TextLine>

          
          
          <TextLine ID="eSc_line_fdb78f69"
                    TAGREFS="LT11324"
                    BASELINE="172 1589 684 1545 1117 1520" 
                    HPOS="167"
                    VPOS="1454"
                    WIDTH="950"
                    HEIGHT="167">
            <Shape><Polygon POINTS="915 1454 831 1496 777 1466 775 1466 772 1466 654 1474 652 1474 649 1474 593 1518 585 1523 342 1540 332 1540 204 1516 201 1516 199 1516 196 1516 196 1518 167 1545 172 1589 172 1614 241 1609 246 1612 265 1621 268 1621 270 1621 450 1597 465 1609 467 1609 470 1609 472 1609 475 1609 509 1592 514 1589 519 1589 566 1604 568 1604 571 1604 573 1604 575 1604 605 1584 607 1582 612 1582 652 1597 654 1597 657 1597 738 1592 861 1565 871 1562 883 1562 1036 1570 1038 1570 1041 1570 1117 1543 1117 1520 1110 1474 1043 1486 1033 1479 1028 1474 1026 1474 1023 1474 1021 1474 1018 1474 996 1484 974 1491 967 1486 927 1454 925 1454"/></Shape>
	    <String CONTENT="Summae Cuborum. . 1-9-36-100225"
                    HPOS="167"
                    VPOS="1454"
                    WIDTH="950"
                    HEIGHT="167"
                    WC="0.9586491661687051"></String>
          </TextLine>

          
          
          <TextLine ID="eSc_line_6c80a00f"
                    TAGREFS="LT11324"
                    BASELINE="182 1644 482 1621" 
                    HPOS="177"
                    VPOS="1589"
                    WIDTH="305"
                    HEIGHT="77">
            <Shape><Polygon POINTS="182 1666 482 1648 482 1621 475 1589 177 1607 182 1644"/></Shape>
	    <String CONTENT="Quorum Radices"
                    HPOS="177"
                    VPOS="1589"
                    WIDTH="305"
                    HEIGHT="77"
                    WC="0.9971276351383754"></String>
          </TextLine>

          
          
          <TextLine ID="eSc_line_04d3e148"
                    TAGREFS="LT11324"
                    BASELINE="204 1685 637 1653" 
                    HPOS="199"
                    VPOS="1619"
                    WIDTH="438"
                    HEIGHT="113">
            <Shape><Polygon POINTS="206 1725 302 1732 305 1732 307 1732 347 1712 354 1708 381 1708 447 1710 450 1710 452 1710 479 1698 492 1693 507 1695 534 1700 536 1700 637 1680 637 1653 632 1619 199 1646 204 1685"/></Shape>
	    <String CONTENT="quadraticae...1"
                    HPOS="199"
                    VPOS="1619"
                    WIDTH="438"
                    HEIGHT="113"
                    WC="0.9883061567942302"></String>
          </TextLine>

          
          
          <TextLine ID="eSc_line_3631401d"
                    TAGREFS="LT11324"
                    BASELINE="686 1651 1107 1621" 
                    HPOS="681"
                    VPOS="1577"
                    WIDTH="426"
                    HEIGHT="111">
            <Shape><Polygon POINTS="689 1688 790 1668 817 1680 819 1680 822 1680 824 1680 826 1680 829 1680 898 1653 959 1671 962 1671 964 1671 967 1671 969 1671 1038 1644 1102 1661 1107 1621 1100 1577 994 1597 940 1587 927 1587 925 1587 922 1587 915 1589 888 1604 866 1594 861 1592 858 1592 856 1592 829 1597 748 1614 681 1609 686 1651"/></Shape>
	    <String CONTENT="3 6 10 15"
                    HPOS="681"
                    VPOS="1577"
                    WIDTH="426"
                    HEIGHT="111"
                    WC="0.9975314935048422"></String>
          </TextLine>

          
          
          <TextLine ID="eSc_line_552c49f0"
                    TAGREFS="LT11324"
                    BASELINE="285 1811 925 1772 1358 1757" 
                    HPOS="283"
                    VPOS="1693"
                    WIDTH="1075"
                    HEIGHT="162">
            <Shape><Polygon POINTS="1314 1705 1289 1703 1265 1700 1240 1698 1215 1695 1208 1693 1087 1700 1085 1700 1082 1700 1053 1722 1046 1730 920 1735 913 1732 903 1722 900 1722 898 1722 895 1722 893 1722 890 1722 878 1735 876 1737 866 1735 807 1715 804 1715 802 1715 799 1715 797 1715 770 1740 735 1742 662 1749 657 1747 625 1725 622 1725 620 1725 617 1725 568 1727 566 1727 502 1757 283 1769 285 1811 285 1855 379 1853 381 1853 383 1853 411 1833 502 1845 514 1845 516 1845 519 1845 526 1843 575 1828 595 1838 600 1840 603 1840 605 1840 607 1840 610 1840 610 1838 612 1838 627 1823 667 1835 671 1835 674 1835 676 1835 699 1833 807 1811 863 1821 888 1826 890 1826 893 1826 925 1818 989 1801 1004 1813 1006 1813 1009 1813 1011 1813 1014 1813 1016 1813 1016 1811 1033 1796 1100 1796 1122 1806 1137 1811 1139 1811 1142 1811 1144 1811 1169 1801 1186 1796 1198 1801 1208 1803 1210 1803 1213 1803 1215 1803 1218 1803 1218 1801 1220 1801 1220 1799 1230 1789 1356 1789 1358 1757 1356 1710 1338 1708"/></Shape>
	    <String CONTENT="taque manifestum est opus es ad juvandam"
                    HPOS="283"
                    VPOS="1693"
                    WIDTH="1075"
                    HEIGHT="162"
                    WC="0.9809588342905045"></String>
          </TextLine>

          
          
          <TextLine ID="eSc_line_874552f2"
                    TAGREFS="LT11324"
                    BASELINE="98 1892 1267 1838" 
                    HPOS="93"
                    VPOS="1781"
                    WIDTH="1174"
                    HEIGHT="143">
            <Shape><Polygon POINTS="98 1919 361 1924 364 1924 671 1909 674 1909 676 1909 676 1907 691 1895 785 1904 787 1904 790 1904 834 1885 836 1882 876 1882 930 1882 947 1895 950 1895 952 1895 954 1895 957 1895 999 1877 1004 1875 1016 1875 1105 1887 1107 1887 1110 1887 1112 1887 1112 1885 1127 1872 1210 1880 1213 1880 1215 1880 1267 1863 1267 1838 1257 1781 1159 1808 1114 1791 1112 1791 1110 1791 1107 1791 1105 1791 1105 1794 1082 1811 989 1803 986 1803 984 1803 982 1803 964 1816 930 1801 918 1796 915 1796 913 1796 910 1796 908 1796 908 1799 903 1801 883 1821 836 1806 819 1801 817 1801 814 1801 812 1801 809 1801 809 1803 802 1808 787 1826 755 1813 753 1813 750 1813 748 1813 723 1823 713 1813 706 1808 706 1806 703 1806 701 1806 699 1806 696 1806 669 1816 625 1835 470 1840 438 1831 408 1821 406 1821 403 1821 401 1821 398 1821 381 1833 364 1845 287 1840 159 1831 157 1831 155 1831 94 1850 93 1851 98 1892"/></Shape>
	    <String CONTENT="Mentem oplus esse characteribus, qui nullo"
                    HPOS="93"
                    VPOS="1781"
                    WIDTH="1174"
                    HEIGHT="143"
                    WC="0.9945538640022278"></String>
          </TextLine>

          
          
          <TextLine ID="eSc_line_eac503f1"
                    TAGREFS="LT11324"
                    BASELINE="105 1961 1402 1907" 
                    HPOS="103"
                    VPOS="1853"
                    WIDTH="1299"
                    HEIGHT="152">
            <Shape><Polygon POINTS="105 1988 184 2005 187 2005 283 1983 307 2000 310 2000 312 2000 315 2000 317 2000 319 2000 349 1981 455 1995 457 1995 460 1995 531 1971 536 1971 541 1971 637 1986 639 1986 871 1978 873 1978 913 1959 1028 1954 1055 1966 1058 1966 1060 1966 1063 1966 1065 1966 1078 1956 1092 1966 1095 1966 1097 1966 1100 1966 1102 1966 1149 1946 1149 1944 1193 1944 1208 1956 1208 1959 1210 1959 1213 1959 1215 1959 1218 1959 1220 1959 1220 1956 1238 1941 1240 1941 1242 1941 1279 1951 1282 1951 1284 1951 1402 1934 1402 1907 1395 1853 1284 1855 1282 1855 1272 1858 1215 1880 1127 1870 1124 1870 1122 1870 1063 1885 1018 1875 989 1867 986 1867 900 1880 799 1897 790 1887 785 1885 785 1882 782 1882 780 1882 694 1880 691 1880 689 1880 652 1895 630 1904 571 1899 475 1892 472 1892 470 1892 467 1892 450 1907 447 1909 445 1907 420 1895 418 1895 415 1895 413 1895 411 1895 391 1912 383 1917 307 1917 302 1917 285 1902 283 1902 280 1902 278 1902 275 1902 236 1919 236 1922 103 1927 105 1961"/></Shape>
	    <String CONTENT="negotio transponi possint; quemadmodum vocabula,"
                    HPOS="103"
                    VPOS="1853"
                    WIDTH="1299"
                    HEIGHT="152"
                    WC="0.9886013877888521"></String>
          </TextLine>

          
          
          <TextLine ID="eSc_line_9f22f293"
                    TAGREFS="LT11324"
                    BASELINE="125 2050 1316 1968" 
                    HPOS="120"
                    VPOS="1919"
                    WIDTH="1196"
                    HEIGHT="172">
            <Shape><Polygon POINTS="125 2079 196 2091 199 2091 201 2091 268 2069 273 2069 275 2069 302 2084 305 2084 307 2084 364 2079 366 2079 369 2079 369 2077 371 2077 381 2062 411 2077 413 2077 415 2077 558 2055 580 2064 583 2064 585 2064 588 2064 590 2064 612 2047 615 2047 625 2047 846 2047 849 2047 851 2047 918 2025 925 2025 935 2025 1028 2035 1031 2035 1127 2013 1139 2008 1316 1998 1316 1968 1311 1927 1240 1919 1238 1919 1235 1919 1233 1919 1218 1931 1206 1941 1183 1934 1178 1931 1176 1931 1174 1931 1154 1934 1095 1949 1082 1939 1078 1934 1075 1934 1073 1934 1070 1934 1068 1934 1043 1941 984 1959 942 1946 918 1941 915 1941 913 1941 910 1941 908 1941 893 1951 866 1966 718 1961 694 1961 691 1961 662 1963 445 1995 386 1981 376 1978 374 1978 371 1978 369 1978 356 1983 300 2005 278 1988 275 1988 273 1988 270 1988 120 1995 125 2050"/></Shape>
	    <String CONTENT="et characteres Numerator Numerales notae"
                    HPOS="120"
                    VPOS="1919"
                    WIDTH="1196"
                    HEIGHT="172"
                    WC="0.9904036894440651"></String>
          </TextLine>

          
          
          <TextLine ID="eSc_line_6359d63a"
                    TAGREFS="LT11324"
                    BASELINE="103 2131 1092 2067 1420 2057" 
                    HPOS="103"
                    VPOS="1988"
                    WIDTH="1317"
                    HEIGHT="185">
            <Shape><Polygon POINTS="184 2155 191 2160 211 2173 214 2173 216 2173 219 2173 221 2173 280 2155 292 2153 300 2155 342 2165 344 2165 347 2165 349 2165 351 2165 369 2151 381 2141 433 2138 487 2146 543 2153 546 2153 548 2153 603 2141 669 2123 713 2133 743 2141 745 2141 748 2141 750 2141 762 2131 787 2116 807 2131 814 2136 817 2136 819 2136 822 2136 824 2136 846 2128 871 2119 890 2126 903 2131 905 2131 908 2131 952 2123 1068 2099 1097 2111 1100 2111 1102 2111 1105 2111 1146 2099 1161 2111 1161 2114 1164 2114 1166 2114 1169 2114 1292 2106 1294 2106 1297 2106 1329 2089 1420 2099 1420 2057 1412 1988 1228 1998 1225 1998 1223 1998 1223 2000 1210 2010 1156 2003 1146 2003 1144 2003 1142 2003 1132 2005 1016 2035 972 2018 969 2018 967 2018 964 2018 893 2045 841 2045 819 2027 817 2027 814 2027 812 2027 809 2027 807 2027 770 2052 671 2055 603 2037 593 2037 590 2037 588 2037 585 2037 585 2040 583 2040 566 2062 531 2064 418 2059 415 2059 317 2077 290 2064 287 2064 285 2064 130 2089 103 2069 103 2131 103 2160"/></Shape>
	    <String CONTENT="numerales, et symbola quibus utuntur Algebristae,"
                    HPOS="103"
                    VPOS="1988"
                    WIDTH="1317"
                    HEIGHT="185"
                    WC="0.9880525457615755"></String>
          </TextLine>

          
          
          <TextLine ID="eSc_line_9c7c9a6d"
                    TAGREFS="LT11324"
                    BASELINE="115 2205 1331 2141" 
                    HPOS="110"
                    VPOS="2089"
                    WIDTH="1221"
                    HEIGHT="157">
            <Shape><Polygon POINTS="115 2237 206 2246 209 2246 211 2246 243 2232 265 2222 283 2232 285 2232 287 2232 290 2232 322 2229 536 2207 583 2219 595 2222 598 2222 600 2222 603 2222 605 2222 610 2217 632 2202 667 2215 679 2219 681 2219 684 2219 819 2215 822 2215 834 2210 868 2192 1011 2202 1041 2202 1043 2202 1046 2202 1048 2202 1050 2200 1085 2180 1122 2197 1124 2197 1127 2197 1129 2197 1132 2197 1134 2197 1171 2175 1203 2192 1206 2192 1208 2192 1210 2192 1262 2173 1329 2187 1331 2141 1329 2101 1284 2089 1282 2089 1279 2089 950 2121 726 2121 723 2121 721 2121 669 2136 580 2126 578 2126 482 2146 364 2138 361 2138 359 2138 356 2138 339 2153 253 2143 251 2143 110 2165 115 2205"/></Shape>
	    <String CONTENT="et quidem si vocabula excogitata essent apta"
                    HPOS="110"
                    VPOS="2089"
                    WIDTH="1221"
                    HEIGHT="157"
                    WC="0.9888768737966364"></String>
          </TextLine>

          
          
          <TextLine ID="eSc_line_bbae3990"
                    TAGREFS="LT11324"
                    BASELINE="108 2288 497 2256 1282 2212" 
                    HPOS="103"
                    VPOS="2165"
                    WIDTH="1179"
                    HEIGHT="160">
            <Shape><Polygon POINTS="108 2313 159 2308 167 2313 182 2325 184 2325 187 2325 189 2325 191 2325 233 2310 270 2298 327 2306 388 2313 391 2313 539 2296 541 2296 543 2296 543 2293 546 2293 556 2281 607 2291 635 2296 637 2296 681 2288 792 2266 878 2278 905 2281 908 2281 937 2276 1018 2256 1080 2269 1090 2269 1092 2269 1095 2269 1100 2266 1137 2251 1282 2256 1282 2212 1274 2173 1191 2180 1181 2178 1149 2165 1146 2165 1144 2165 1142 2165 1139 2165 1139 2168 1124 2183 1119 2185 1082 2185 940 2178 937 2178 935 2178 881 2197 873 2200 868 2197 841 2187 839 2187 836 2187 834 2187 831 2187 814 2202 807 2207 654 2215 649 2212 635 2200 632 2200 630 2200 627 2200 450 2207 447 2207 396 2229 393 2229 391 2229 337 2215 334 2215 332 2215 329 2215 275 2237 273 2237 270 2237 219 2229 216 2229 214 2229 169 2244 167 2244 150 2232 147 2232 145 2232 142 2232 140 2232 103 2244 108 2288"/></Shape>
	    <String CONTENT="satis et consti constantia, mirifice juvaremur"
                    HPOS="103"
                    VPOS="2165"
                    WIDTH="1179"
                    HEIGHT="160"
                    WC="0.9889865569446398"></String>
          </TextLine>

          
          
          <TextLine ID="eSc_line_54aa309b"
                    TAGREFS="LT11324"
                    BASELINE="120 2357 1294 2298" 
                    HPOS="118"
                    VPOS="2249"
                    WIDTH="1176"
                    HEIGHT="150">
            <Shape><Polygon POINTS="120 2387 167 2399 169 2399 172 2399 174 2399 174 2397 187 2384 191 2382 196 2384 211 2394 214 2394 216 2394 219 2394 297 2382 366 2370 438 2374 509 2382 511 2382 514 2382 546 2372 571 2365 610 2370 654 2374 657 2374 659 2374 676 2367 701 2355 723 2365 733 2370 735 2370 738 2370 740 2370 743 2370 743 2367 748 2365 758 2352 785 2362 797 2367 799 2367 802 2367 844 2360 903 2350 935 2357 947 2360 950 2360 952 2360 954 2360 964 2355 1004 2338 1068 2338 1090 2352 1092 2352 1095 2352 1097 2352 1100 2352 1107 2350 1171 2330 1292 2342 1294 2298 1284 2249 1233 2266 1100 2261 1050 2259 1048 2259 1046 2259 1026 2266 991 2276 952 2269 925 2266 922 2266 920 2266 918 2266 910 2274 895 2283 812 2278 790 2278 787 2278 762 2281 701 2293 652 2288 585 2283 583 2283 580 2283 531 2298 509 2303 497 2298 465 2288 462 2288 460 2288 379 2308 359 2310 344 2308 265 2298 263 2298 118 2323 120 2357"/></Shape>
	    <String CONTENT="in ratiocinando, sed quoniam nulla lingua vel"
                    HPOS="118"
                    VPOS="2249"
                    WIDTH="1176"
                    HEIGHT="150"
                    WC="0.9933191114001804"></String>
          </TextLine>

          
          
          <TextLine ID="eSc_line_672b4735"
                    TAGREFS="LT11324"
                    BASELINE="113 2434 1348 2362" 
                    HPOS="108"
                    VPOS="2315"
                    WIDTH="1240"
                    HEIGHT="155">
            <Shape><Polygon POINTS="113 2456 150 2470 152 2470 155 2470 157 2470 231 2451 241 2448 248 2451 278 2461 280 2461 283 2461 359 2443 381 2441 393 2443 450 2453 452 2453 551 2436 553 2436 575 2446 578 2446 580 2446 583 2446 612 2434 627 2426 691 2429 785 2434 787 2434 836 2421 883 2411 920 2419 942 2421 945 2421 947 2421 950 2421 954 2416 972 2404 1348 2397 1348 2362 1343 2325 1242 2315 1240 2315 1238 2315 1174 2333 1156 2335 1139 2333 1073 2325 1070 2325 1011 2340 986 2345 979 2340 967 2333 964 2333 962 2333 959 2333 681 2355 302 2384 108 2382 113 2434"/></Shape>
	    <String CONTENT="casu vel arte facta satisfacit, et vero artificium"
                    HPOS="108"
                    VPOS="2315"
                    WIDTH="1240"
                    HEIGHT="155"
                    WC="0.9930983543395996"></String>
          </TextLine>

          
          
          <TextLine ID="eSc_line_5c32cf5a"
                    TAGREFS="LT11324"
                    BASELINE="125 2510 1105 2451 1538 2438" 
                    HPOS="123"
                    VPOS="2389"
                    WIDTH="1415"
                    HEIGHT="163">
            <Shape><Polygon POINTS="1498 2397 1375 2389 1373 2389 1370 2389 1324 2404 1294 2397 1292 2397 1289 2397 1287 2397 1284 2397 1284 2399 1282 2399 1272 2411 1242 2397 1240 2397 1238 2397 1235 2397 1144 2419 1060 2406 1058 2406 994 2411 991 2411 989 2411 967 2431 930 2431 639 2446 571 2434 568 2434 297 2466 155 2458 152 2458 150 2458 123 2473 125 2510 125 2542 211 2552 214 2552 216 2552 219 2552 219 2549 233 2537 238 2532 315 2525 334 2532 361 2544 364 2544 366 2544 482 2539 484 2539 534 2522 575 2510 615 2520 659 2530 662 2530 664 2530 694 2515 721 2502 792 2510 794 2510 797 2510 799 2510 844 2495 991 2500 1107 2505 1110 2505 1112 2505 1132 2495 1161 2478 1210 2485 1213 2485 1287 2470 1326 2485 1343 2490 1346 2490 1348 2490 1538 2473 1538 2438 1535 2404 1523 2402"/></Shape>
	    <String CONTENT="linguam exlogitandi qualem oportet; nulli scriptorum"
                    HPOS="123"
                    VPOS="2389"
                    WIDTH="1415"
                    HEIGHT="163"
                    WC="0.9937635992582028"></String>
          </TextLine>

          
          
          <TextLine ID="eSc_line_30850b81"
                    TAGREFS="LT11324"
                    BASELINE="115 2596 487 2562 1309 2510" 
                    HPOS="110"
                    VPOS="2466"
                    WIDTH="1199"
                    HEIGHT="162">
            <Shape><Polygon POINTS="115 2628 255 2618 258 2618 310 2596 361 2613 366 2613 369 2613 371 2613 391 2611 516 2581 637 2591 657 2591 659 2591 662 2591 664 2591 667 2589 699 2569 782 2579 804 2581 807 2581 1018 2569 1021 2569 1023 2569 1038 2559 1060 2544 1119 2552 1151 2557 1154 2557 1156 2557 1159 2557 1159 2554 1166 2549 1171 2544 1201 2547 1267 2552 1270 2552 1272 2552 1309 2537 1309 2510 1302 2466 858 2488 856 2488 854 2488 841 2498 834 2505 637 2517 627 2515 605 2505 603 2505 600 2505 598 2505 541 2522 524 2525 504 2525 420 2517 418 2517 415 2517 356 2534 344 2537 324 2537 204 2532 201 2532 110 2552 115 2596"/></Shape>
	    <String CONTENT="autorum satis notum animadverti, contenti"
                    HPOS="110"
                    VPOS="2466"
                    WIDTH="1199"
                    HEIGHT="162"
                    WC="0.9899250428851057"></String>
          </TextLine>

          
          
          <TextLine ID="eSc_line_5e75114a"
                    TAGREFS="LT11324"
                    BASELINE="120 2672 1149 2598 1577 2581" 
                    HPOS="115"
                    VPOS="2510"
                    WIDTH="1462"
                    HEIGHT="204">
            <Shape><Polygon POINTS="125 2712 140 2702 162 2709 177 2714 179 2714 182 2714 184 2714 187 2714 187 2712 191 2707 199 2699 211 2707 226 2714 228 2714 231 2714 342 2709 344 2709 347 2709 361 2697 393 2675 450 2672 531 2687 558 2692 561 2692 610 2689 612 2689 615 2689 622 2682 637 2670 679 2680 706 2685 708 2685 711 2685 738 2675 822 2648 905 2665 927 2670 930 2670 932 2670 935 2670 942 2665 969 2640 1186 2623 1238 2643 1240 2643 1242 2643 1245 2643 1304 2623 1378 2638 1383 2638 1385 2638 1388 2638 1390 2638 1444 2623 1575 2626 1577 2581 1572 2537 1513 2510 1511 2510 1508 2510 1506 2510 1503 2510 1503 2512 1476 2539 1405 2549 1400 2549 1398 2549 1292 2525 1289 2525 1287 2525 1201 2562 1198 2562 1193 2562 1119 2554 1117 2554 1114 2554 1070 2569 1065 2571 1063 2569 1046 2557 1043 2557 1041 2557 1038 2557 1036 2557 1033 2557 1018 2571 1006 2562 1004 2562 1001 2562 999 2562 996 2562 994 2562 994 2564 991 2564 984 2574 982 2579 940 2579 940 2576 883 2554 881 2554 878 2554 876 2554 873 2554 873 2557 849 2584 846 2584 822 2574 819 2574 817 2574 814 2574 787 2586 777 2591 775 2586 748 2564 748 2562 745 2562 743 2562 740 2562 738 2562 669 2594 667 2594 600 2571 598 2571 595 2571 408 2584 406 2584 403 2584 403 2586 374 2611 364 2621 283 2623 275 2618 270 2613 270 2611 268 2611 265 2611 263 2611 260 2611 243 2618 223 2628 115 2628 120 2672"/></Shape>
	    <String CONTENT="nunc simus  necesse est, Characteribus quibus qualibus"
                    HPOS="115"
                    VPOS="2510"
                    WIDTH="1462"
                    HEIGHT="204"
                    WC="0.9648913663846476"></String>
          </TextLine>

          
          
          <TextLine ID="eSc_line_3e67fade"
                    TAGREFS="LT11324"
                    BASELINE="125 2761 689 2709 1242 2680" 
                    HPOS="118"
                    VPOS="2626"
                    WIDTH="1124"
                    HEIGHT="172">
            <Shape><Polygon POINTS="127 2798 263 2778 283 2788 290 2790 292 2790 295 2790 297 2790 300 2790 300 2788 305 2785 332 2761 507 2766 588 2768 590 2768 593 2768 595 2768 595 2766 598 2766 603 2758 612 2746 696 2746 699 2746 701 2746 703 2746 703 2744 706 2744 713 2731 809 2726 856 2734 895 2741 898 2741 900 2741 903 2741 903 2739 915 2729 925 2717 972 2714 994 2721 1033 2736 1036 2736 1038 2736 1208 2724 1210 2724 1213 2724 1242 2702 1242 2680 1238 2638 1100 2626 1097 2626 1004 2633 1001 2633 999 2633 972 2650 959 2660 822 2660 819 2660 802 2648 799 2648 797 2648 794 2648 792 2648 790 2648 770 2662 758 2672 713 2665 664 2658 662 2658 659 2658 625 2670 585 2685 551 2675 529 2667 526 2667 524 2667 521 2667 492 2677 477 2682 460 2680 430 2675 428 2675 425 2675 423 2675 413 2682 386 2702 255 2707 228 2692 223 2689 221 2689 219 2689 216 2689 214 2689 209 2692 184 2712 164 2694 162 2694 159 2694 157 2694 118 2697 125 2761"/></Shape>
	    <String CONTENT="hactenus Mathematici utuntur, id est siu"
                    HPOS="118"
                    VPOS="2626"
                    WIDTH="1124"
                    HEIGHT="172"
                    WC="0.9911176219582558"></String>
          </TextLine>

          
          
          <TextLine ID="eSc_line_7b00d5ff"
                    TAGREFS="LT11324"
                    BASELINE="132 2825 1437 2746 2052 2729" 
                    HPOS="127"
                    VPOS="2682"
                    WIDTH="1925"
                    HEIGHT="180">
            <Shape><Polygon POINTS="2020 2685 1996 2685 1971 2685 1946 2685 1922 2682 1897 2682 1873 2682 1860 2682 1845 2689 1838 2694 1533 2709 1525 2707 1506 2692 1503 2692 1501 2692 1498 2692 1496 2692 1493 2692 1469 2707 1398 2697 1395 2697 1393 2697 1321 2717 1306 2721 1299 2719 1279 2709 1277 2709 1274 2709 1272 2709 1270 2709 1257 2721 1252 2724 1215 2724 1097 2719 1095 2719 972 2736 935 2741 920 2739 856 2726 854 2726 573 2753 502 2746 499 2746 497 2746 420 2766 398 2771 347 2771 179 2766 177 2766 174 2766 127 2781 132 2825 132 2862 403 2835 460 2849 470 2852 472 2852 475 2852 519 2847 590 2837 627 2842 671 2847 674 2847 676 2847 679 2847 691 2837 723 2817 767 2835 770 2835 772 2835 775 2835 787 2835 947 2805 1048 2820 1080 2825 1082 2825 1119 2817 1215 2795 1247 2805 1250 2805 1252 2805 1255 2805 1316 2788 1338 2803 1341 2803 1343 2803 1346 2803 1348 2803 1351 2803 1375 2781 1671 2776 1705 2788 1710 2790 1720 2790 1740 2788 1848 2768 1877 2781 1880 2781 1882 2781 1885 2781 2004 2774 2052 2753 2052 2729 2047 2685 2045 2685"/></Shape>
	    <String CONTENT="lineis, numeris, et symbolis magnitudines sive lineas sive numeros generaliter"
                    HPOS="127"
                    VPOS="2682"
                    WIDTH="1925"
                    HEIGHT="180"
                    WC="0.9895370251093155"></String>
          </TextLine>

          
          
          <TextLine ID="eSc_line_9b56d4b7"
                    TAGREFS="LT11324"
                    BASELINE="100 2904 1215 2830" 
                    HPOS="95"
                    VPOS="2785"
                    WIDTH="1120"
                    HEIGHT="170">
            <Shape><Polygon POINTS="108 2955 145 2933 302 2941 305 2941 307 2941 310 2941 361 2911 391 2936 393 2936 396 2936 398 2936 401 2936 403 2936 450 2913 558 2913 561 2913 563 2913 566 2913 585 2899 639 2918 642 2918 644 2918 647 2918 649 2918 649 2916 652 2916 674 2889 696 2889 745 2899 748 2899 863 2879 910 2899 915 2901 918 2901 920 2901 922 2901 930 2899 977 2877 1021 2891 1026 2894 1028 2894 1031 2894 1033 2894 1036 2894 1038 2891 1068 2869 1092 2886 1092 2889 1095 2889 1097 2889 1100 2889 1102 2889 1114 2886 1181 2864 1210 2879 1215 2830 1208 2785 1023 2805 1011 2798 994 2790 991 2790 989 2790 785 2815 780 2815 777 2815 730 2808 728 2808 726 2808 723 2808 701 2822 691 2827 654 2825 583 2820 580 2820 578 2820 526 2835 504 2840 492 2837 452 2827 450 2827 447 2827 445 2827 376 2845 356 2849 337 2849 251 2840 248 2840 246 2840 179 2859 172 2862 169 2862 140 2847 137 2847 135 2847 132 2847 95 2862 100 2904"/></Shape>
	    <String CONTENT="generales exhibentibus, et denique linguae qua"
                    HPOS="95"
                    VPOS="2785"
                    WIDTH="1120"
                    HEIGHT="170"
                    WC="0.984587884467581"></String>
          </TextLine>

          
          
          <TextLine ID="eSc_line_3e0731fb"
                    TAGREFS="LT11324"
                    BASELINE="100 2977 1203 2909" 
                    HPOS="98"
                    VPOS="2854"
                    WIDTH="1105"
                    HEIGHT="146">
            <Shape><Polygon POINTS="415 3000 415 2997 543 2977 573 2975 580 2977 603 2985 605 2985 607 2985 662 2973 733 2955 797 2955 817 2965 822 2970 824 2970 826 2970 829 2970 1048 2955 1050 2955 1053 2955 1070 2941 1203 2948 1203 2909 1193 2854 1110 2879 1050 2864 1048 2864 1046 2864 1043 2864 1041 2864 1041 2867 1021 2884 986 2872 984 2872 982 2872 979 2872 908 2891 844 2877 836 2877 834 2877 831 2877 829 2877 826 2879 792 2899 696 2886 679 2886 676 2886 674 2886 662 2889 595 2911 539 2899 524 2896 521 2896 519 2896 509 2901 470 2918 420 2909 418 2909 280 2931 157 2926 155 2926 152 2926 123 2941 98 2928 100 2977 100 3000"/></Shape>
	    <String CONTENT="utimur verbis receptis. Quanam vero"
                    HPOS="98"
                    VPOS="2854"
                    WIDTH="1105"
                    HEIGHT="146"
                    WC="0.9778381654194424"></String>
          </TextLine>

          
          
          <TextLine ID="eSc_line_c848eaae"
                    TAGREFS="LT11324"
                    BASELINE="98 3056 1306 2980" 
                    HPOS="93"
                    VPOS="2928"
                    WIDTH="1213"
                    HEIGHT="163">
            <Shape><Polygon POINTS="98 3086 253 3091 255 3091 334 3071 371 3064 383 3069 398 3076 401 3076 403 3076 406 3076 452 3064 470 3061 494 3061 593 3069 595 3069 598 3069 639 3054 652 3049 691 3049 809 3054 812 3054 886 3037 903 3034 913 3037 952 3046 954 3046 957 3046 1038 3027 1075 3019 1092 3024 1107 3029 1110 3029 1112 3029 1306 3009 1306 2980 1302 2943 1218 2928 1215 2928 1107 2953 1095 2958 1055 2958 1050 2958 1028 2941 1026 2941 1023 2941 1021 2941 829 2953 826 2953 760 2975 745 2980 625 2985 610 2982 553 2970 551 2970 548 2970 470 2990 460 2992 452 2992 411 2985 408 2985 349 2997 317 3007 93 3012 98 3056"/></Shape>
	    <String CONTENT="regulae artis inventoriae me docuere rationem"
                    HPOS="93"
                    VPOS="2928"
                    WIDTH="1213"
                    HEIGHT="163"
                    WC="0.982061912616094"></String>
          </TextLine>

          
          
          <TextLine ID="eSc_line_827bfbcd"
                    TAGREFS="LT11324"
                    BASELINE="113 3125 1262 3056" 
                    HPOS="108"
                    VPOS="3012"
                    WIDTH="1154"
                    HEIGHT="148">
            <Shape><Polygon POINTS="113 3152 236 3160 238 3160 482 3145 484 3145 521 3128 526 3128 546 3128 684 3132 686 3132 689 3132 733 3115 738 3113 822 3110 824 3110 846 3123 849 3123 851 3123 1262 3083 1262 3056 1255 3012 108 3081 113 3125"/></Shape>
	    <String CONTENT="amplificandi usum characterum Matheseos"
                    HPOS="108"
                    VPOS="3012"
                    WIDTH="1154"
                    HEIGHT="148"
                    WC="0.9843529004317063"></String>
          </TextLine>

          
          
          <TextLine ID="eSc_line_42244c32"
                    TAGREFS="LT11324"
                    BASELINE="105 3199 888 3140 1240 3125" 
                    HPOS="100"
                    VPOS="3073"
                    WIDTH="1140"
                    HEIGHT="155">
            <Shape><Polygon POINTS="105 3228 1240 3150 1240 3125 1235 3081 1201 3073 1198 3073 1196 3073 1193 3073 1191 3073 1191 3076 1178 3086 1176 3091 1075 3096 1060 3093 1006 3086 1004 3086 1001 3086 977 3101 969 3103 954 3101 900 3093 898 3093 895 3093 893 3093 893 3096 881 3105 829 3098 826 3098 679 3120 669 3120 667 3120 637 3113 635 3113 632 3113 630 3113 627 3113 615 3125 610 3128 563 3128 445 3125 443 3125 440 3125 415 3137 403 3142 371 3140 302 3135 300 3135 297 3135 275 3147 263 3152 228 3150 162 3145 159 3145 100 3157 105 3199"/></Shape>
	    <String CONTENT="Universalis, a numeris atque lineis animum a"
                    HPOS="100"
                    VPOS="3073"
                    WIDTH="1140"
                    HEIGHT="155"
                    WC="0.9802806228399277"></String>
          </TextLine>

          
          
          <TextLine ID="eSc_line_23a1890c"
                    TAGREFS="LT11324"
                    BASELINE="123 3265 1033 3199 1464 3179" 
                    HPOS="118"
                    VPOS="3132"
                    WIDTH="1346"
                    HEIGHT="160">
            <Shape><Polygon POINTS="1420 3140 1412 3135 1361 3132 1358 3132 1356 3132 1314 3147 1311 3147 1309 3147 1250 3135 1247 3135 1110 3157 959 3155 957 3155 954 3155 915 3169 910 3172 903 3172 851 3162 849 3162 846 3162 814 3177 802 3182 772 3179 706 3172 703 3172 701 3172 659 3187 630 3196 502 3201 482 3196 457 3189 455 3189 452 3189 450 3189 430 3199 411 3211 118 3216 123 3265 123 3288 319 3280 324 3280 374 3292 376 3292 379 3292 467 3273 470 3273 511 3283 514 3283 516 3283 519 3283 546 3268 561 3260 575 3265 588 3270 590 3270 593 3270 671 3260 812 3243 868 3251 913 3256 915 3256 1065 3246 1068 3246 1090 3238 1139 3221 1235 3231 1255 3231 1257 3231 1260 3231 1257 3225 1299 3225 1393 3211 1464 3216 1464 3179 1459 3155 1447 3150"/></Shape>
	    <String CONTENT="Porro in quibus. numerorum et figurarum linearium"
                    HPOS="118"
                    VPOS="3132"
                    WIDTH="1346"
                    HEIGHT="160"
                    WC="0.9903013998148392"></String>
          </TextLine>

          
          
          <TextLine ID="eSc_line_c2a541ed"
                    TAGREFS="LT11324"
                    BASELINE="123 3329 1242 3260" 
                    HPOS="118"
                    VPOS="3211"
                    WIDTH="1124"
                    HEIGHT="153">
            <Shape><Polygon POINTS="123 3359 179 3364 182 3364 184 3364 187 3364 196 3354 211 3344 233 3352 246 3356 248 3356 251 3356 465 3347 467 3347 511 3332 536 3324 543 3329 553 3339 556 3339 558 3339 561 3339 563 3339 566 3339 580 3327 583 3327 588 3327 625 3337 627 3337 630 3337 632 3337 635 3337 635 3334 647 3322 652 3317 684 3320 758 3329 760 3329 762 3329 765 3329 765 3327 780 3315 785 3307 878 3302 886 3307 898 3315 900 3315 903 3315 905 3315 1053 3297 1114 3307 1117 3307 1242 3280 1242 3260 1235 3211 1073 3238 770 3243 767 3243 765 3243 750 3256 598 3251 595 3251 509 3270 332 3268 329 3268 231 3288 118 3280 123 3329"/></Shape>
	    <String CONTENT="et verborum usus aptior ratiocinationi"
                    HPOS="118"
                    VPOS="3211"
                    WIDTH="1124"
                    HEIGHT="153"
                    WC="0.9857870779539409"></String>
          </TextLine>

          
          
          <TextLine ID="eSc_line_76f46877"
                    TAGREFS="LT11324"
                    BASELINE="120 3406 1279 3329" 
                    HPOS="118"
                    VPOS="3280"
                    WIDTH="1161"
                    HEIGHT="160">
            <Shape><Polygon POINTS="120 3440 268 3420 285 3430 285 3433 287 3433 290 3433 292 3433 420 3428 423 3428 440 3420 465 3408 499 3416 524 3420 526 3420 529 3420 531 3420 543 3413 553 3406 590 3408 642 3413 644 3413 713 3401 772 3388 826 3391 905 3396 908 3396 910 3396 940 3384 950 3379 957 3381 977 3391 979 3391 982 3391 1279 3356 1279 3329 1272 3280 1193 3285 1191 3285 1188 3285 1154 3305 984 3305 982 3305 979 3305 954 3317 937 3305 935 3305 932 3305 930 3305 903 3310 819 3324 804 3317 794 3312 792 3312 790 3312 787 3312 770 3320 743 3332 713 3324 694 3320 691 3320 689 3320 686 3320 684 3320 684 3322 676 3327 667 3337 625 3332 585 3327 583 3327 580 3327 578 3327 566 3337 548 3347 445 3352 433 3347 413 3337 411 3337 408 3337 118 3371 120 3406"/></Shape>
	    <String CONTENT="reddi posset, velut res a consuetudine nimis"
                    HPOS="118"
                    VPOS="3280"
                    WIDTH="1161"
                    HEIGHT="160"
                    WC="0.9897924255241047"></String>
          </TextLine>

          
          
          <TextLine ID="eSc_line_aa8608c7"
                    TAGREFS="LT11324"
                    BASELINE="105 3477 598 3435 1262 3396" 
                    HPOS="100"
                    VPOS="3344"
                    WIDTH="1162"
                    HEIGHT="172">
            <Shape><Polygon POINTS="105 3502 140 3516 142 3516 145 3516 147 3516 219 3492 231 3489 241 3492 280 3499 283 3499 285 3499 287 3499 302 3487 315 3475 396 3470 440 3475 499 3482 502 3482 575 3465 642 3482 644 3482 647 3482 649 3482 691 3460 706 3472 708 3472 711 3472 713 3472 716 3472 718 3472 733 3457 762 3472 765 3472 767 3472 898 3465 900 3465 903 3465 940 3440 1016 3428 1043 3425 1050 3425 1186 3445 1188 3445 1191 3445 1262 3408 1262 3396 1255 3344 1107 3354 1105 3354 1100 3356 1058 3376 977 3379 962 3366 959 3364 957 3364 954 3364 952 3364 950 3364 947 3364 940 3369 915 3384 895 3374 886 3369 883 3369 881 3369 785 3379 782 3379 780 3379 780 3381 777 3381 777 3384 767 3393 681 3391 603 3388 600 3388 598 3388 568 3401 548 3408 536 3403 526 3398 524 3398 521 3398 420 3413 359 3420 347 3418 312 3408 310 3408 307 3408 305 3408 302 3408 302 3411 285 3423 283 3428 100 3438 105 3477"/></Shape>
	    <String CONTENT="remotas, munc attingere hujus loci non est"
                    HPOS="100"
                    VPOS="3344"
                    WIDTH="1162"
                    HEIGHT="172"
                    WC="0.9718498488267263"></String>
          </TextLine>

          
          
          <TextLine ID="eSc_line_b11cd154"
                    TAGREFS="LT11324"
                    BASELINE="361 3534 1353 3467" 
                    HPOS="356"
                    VPOS="3403"
                    WIDTH="997"
                    HEIGHT="168">
            <Shape><Polygon POINTS="364 3571 408 3553 425 3566 428 3568 430 3568 433 3568 435 3568 438 3568 452 3563 507 3548 561 3556 580 3558 583 3558 647 3548 804 3526 888 3531 910 3531 913 3531 950 3526 1058 3509 1095 3514 1132 3521 1134 3521 1137 3521 1166 3509 1181 3504 1201 3507 1240 3514 1242 3514 1353 3494 1353 3467 1348 3424 1303 3427 1302 3407 1289 3403 1287 3403 1284 3403 1282 3403 1169 3433 1105 3413 1102 3413 1100 3413 989 3420 986 3420 984 3420 932 3452 927 3457 726 3470 723 3470 684 3448 681 3448 679 3448 676 3448 674 3448 674 3450 671 3450 652 3475 652 3477 620 3477 617 3477 558 3450 556 3450 553 3450 551 3450 548 3450 502 3484 502 3487 475 3487 440 3457 438 3457 435 3457 433 3457 430 3457 356 3492 361 3534"/></Shape>
	    <String CONTENT="Characteristicen tantum Matheseos"
                    HPOS="356"
                    VPOS="3403"
                    WIDTH="997"
                    HEIGHT="168"
                    WC="0.9962849833748557"></String>
          </TextLine>

          
          
          <TextLine ID="eSc_line_f6cbb08e"
                    TAGREFS="LT11324"
                    BASELINE="110 3551 270 3539" 
                    HPOS="105"
                    VPOS="3494"
                    WIDTH="165"
                    HEIGHT="91">
            <Shape><Polygon POINTS="110 3583 268 3585 270 3539 263 3509 199 3514 187 3507 169 3494 167 3494 164 3494 162 3494 105 3504 110 3551"/></Shape>
	    <String CONTENT="itaque"
                    HPOS="105"
                    VPOS="3494"
                    WIDTH="165"
                    HEIGHT="91"
                    WC="0.9969444970289866"></String>
          </TextLine>

          
          
          <TextLine ID="eSc_line_815c1df5"
                    TAGREFS="LT11324"
                    BASELINE="125 3627 950 3563 1394 3545" 
                    HPOS="120"
                    VPOS="3489"
                    WIDTH="1276"
                    HEIGHT="182">
            <Shape><Polygon POINTS="1292 3489 1289 3489 1176 3497 1174 3497 1171 3497 1132 3519 1129 3521 1119 3521 1028 3507 1026 3507 851 3519 849 3519 802 3541 799 3541 794 3541 726 3526 723 3526 721 3526 664 3548 649 3556 440 3566 430 3563 401 3551 398 3551 396 3551 393 3551 359 3568 344 3575 219 3580 206 3578 167 3563 164 3563 162 3563 159 3563 120 3578 125 3627 125 3654 159 3671 162 3671 164 3671 167 3671 204 3654 305 3659 307 3659 310 3659 312 3659 312 3657 327 3644 408 3647 411 3647 413 3647 452 3632 465 3630 482 3632 575 3644 578 3644 654 3639 657 3639 659 3639 676 3625 748 3627 750 3627 753 3627 755 3627 770 3615 775 3610 790 3615 836 3627 839 3627 841 3627 979 3617 982 3617 984 3617 1006 3603 1016 3595 1053 3600 1087 3603 1090 3603 1139 3595 1218 3580 1240 3588 1255 3595 1257 3595 1260 3595 1262 3595 1284 3585 1311 3575 1331 3583 1350 3589 1361 3588 1361 3588 1368 3580 1380 3571 1391 3571 1396 3533 1389 3496"/></Shape>
	    <String CONTENT="Universalis nunc quidem perfectiorem reddere"
                    HPOS="120"
                    VPOS="3489"
                    WIDTH="1276"
                    HEIGHT="182"
                    WC="0.9933407211845572"></String>
          </TextLine>

          
          
          <TextLine ID="eSc_line_9e713b14"
                    TAGREFS="LT11324"
                    BASELINE="135 3701 465 3681" 
                    HPOS="130"
                    VPOS="3625"
                    WIDTH="335"
                    HEIGHT="102">
            <Shape><Polygon POINTS="135 3720 136 3723 163 3727 249 3725 260 3721 265 3718 283 3718 327 3722 408 3720 465 3711 465 3681 457 3625 130 3654 135 3701"/></Shape>
	    <String CONTENT="satis habebo"
                    HPOS="130"
                    VPOS="3625"
                    WIDTH="335"
                    HEIGHT="102"
                    WC="0.9997248748938242"></String>
          </TextLine>

          
        </TextBlock>
        
        <TextBlock HPOS="1635"
                   VPOS="59"
                   WIDTH="801"
                   HEIGHT="243"
                   ID="r1"
                   TAGREFS="BT16575">
          <Shape><Polygon POINTS="1641 302 1635 60 1725 59 2428 60 2436 296"/></Shape>
          
          
          <TextLine ID="eSc_line_1f66f0f7"
                    TAGREFS="LT11324"
                    BASELINE="1651 113 1676 113" 
                    HPOS="1651"
                    VPOS="73"
                    WIDTH="25"
                    HEIGHT="72">
            <Shape><Polygon POINTS="1651 113 1651 145 1676 145 1676 113 1676 73 1666 73 1651 78"/></Shape>
	    <String CONTENT="1"
                    HPOS="1651"
                    VPOS="73"
                    WIDTH="25"
                    HEIGHT="72"
                    WC="0.9779231548309326"></String>
          </TextLine>

          
          
          <TextLine ID="eSc_line_cf40dcb6"
                    TAGREFS="LT11324"
                    BASELINE="1713 115 2244 98" 
                    HPOS="1710"
                    VPOS="68"
                    WIDTH="534"
                    HEIGHT="89">
            <Shape><Polygon POINTS="2202 68 2178 68 2153 68 2128 68 2104 68 2079 68 2055 68 2030 68 2025 68 1710 81 1713 115 1713 157 1774 157 1774 155 1777 155 1779 155 1784 150 1811 132 1863 145 1887 150 1890 150 1892 150 1912 140 1941 127 1961 137 1986 147 1988 147 1991 147 2069 142 2072 142 2074 142 2092 127 2094 125 2101 127 2160 142 2163 142 2165 142 2168 142 2244 115 2244 98 2237 68 2227 68"/></Shape>
	    <String CONTENT="e 27 64 125"
                    HPOS="1710"
                    VPOS="68"
                    WIDTH="534"
                    HEIGHT="89"
                    WC="0.9770047827200457"></String>
          </TextLine>

          
          
          <TextLine ID="eSc_line_47512fe6"
                    TAGREFS="LT11324"
                    BASELINE="2333 155 2404 135" 
                    HPOS="2330"
                    VPOS="127"
                    WIDTH="91"
                    HEIGHT="84">
            <Shape><Polygon POINTS="2350 127 2330 147 2333 155 2348 211 2421 204 2404 135 2399 127 2375 127"/></Shape>
	    <String CONTENT="e"
                    HPOS="2330"
                    VPOS="127"
                    WIDTH="91"
                    HEIGHT="84"
                    WC="0.976655125617981"></String>
          </TextLine>

          
          
          <TextLine ID="eSc_line_4af5ae1d"
                    TAGREFS="LT11324"
                    BASELINE="1735 187 2205 162" 
                    HPOS="1730"
                    VPOS="115"
                    WIDTH="475"
                    HEIGHT="108">
            <Shape><Polygon POINTS="1735 223 1828 204 1877 219 1892 223 1895 223 1897 223 2005 216 2008 216 2018 211 2057 194 2111 194 2133 206 2138 211 2141 211 2143 211 2146 211 2205 201 2205 162 2197 123 2047 135 2025 130 1969 115 1966 115 1964 115 1730 145 1735 187"/></Shape>
	    <String CONTENT="9 36 100 225"
                    HPOS="1730"
                    VPOS="115"
                    WIDTH="475"
                    HEIGHT="108"
                    WC="0.9736759265263876"></String>
          </TextLine>

          
          
          <TextLine ID="eSc_line_d3c20154"
                    TAGREFS="LT11324"
                    BASELINE="2293 231 2414 216" 
                    HPOS="2291"
                    VPOS="196"
                    WIDTH="128"
                    HEIGHT="87">
            <Shape><Polygon POINTS="2362 196 2338 196 2335 196 2311 199 2291 221 2293 231 2298 283 2419 260 2414 216 2409 196 2387 196"/></Shape>
	    <String CONTENT="2es"
                    HPOS="2291"
                    VPOS="196"
                    WIDTH="128"
                    HEIGHT="87"
                    WC="0.9945516387621561"></String>
          </TextLine>

          
          
          <TextLine ID="eSc_line_4317c306"
                    TAGREFS="LT11324"
                    BASELINE="1653 253 1813 251" 
                    HPOS="1651"
                    VPOS="191"
                    WIDTH="162"
                    HEIGHT="111">
            <Shape><Polygon POINTS="1655 302 1716 301 1813 273 1813 251 1806 191 1651 209 1653 253"/></Shape>
	    <String CONTENT="1 3"
                    HPOS="1651"
                    VPOS="191"
                    WIDTH="162"
                    HEIGHT="111"
                    WC="0.9985547065734863"></String>
          </TextLine>

          
          
          <TextLine ID="eSc_line_3ca08d25"
                    TAGREFS="LT11324"
                    BASELINE="1858 251 2210 238" 
                    HPOS="1853"
                    VPOS="194"
                    WIDTH="357"
                    HEIGHT="91">
            <Shape><Polygon POINTS="2175 206 2165 194 1853 199 1858 251 1858 285 2210 285 2210 238 2202 204 2200 236"/></Shape>
	    <String CONTENT="6 1015"
                    HPOS="1853"
                    VPOS="194"
                    WIDTH="357"
                    HEIGHT="91"
                    WC="0.9995790123939514"></String>
          </TextLine>

          
        </TextBlock>
        
        <TextBlock HPOS="2498"
                   VPOS="107"
                   WIDTH="2347"
                   HEIGHT="3728"
                   ID="r7"
                   TAGREFS="BT27325">
          <Shape><Polygon POINTS="2517 3826 2899 3835 2941 3757 3010 3747 3989 3698 4029 3638 3991 3594 3836 3598 3799 3515 3801 3466 4462 3432 4842 3359 4845 3257 4573 3247 4412 3263 3914 3277 3903 3243 3912 3052 3813 2935 3789 2746 3912 2671 3940 2519 4019 2467 4080 2280 4531 2250 4570 2231 4570 2174 4491 2125 4132 2135 4068 1928 3930 1847 3950 1761 3910 1652 3950 1455 3832 1276 3807 1129 3744 833 4029 823 4038 727 3746 717 3861 442 3723 350 3664 146 3576 107 2611 132 2514 162 2498 316"/></Shape>
          
          
          <TextLine ID="eSc_line_417ede90"
                    TAGREFS="LT11324"
                    BASELINE="2510 201 3578 152" 
                    HPOS="2510"
                    VPOS="107"
                    WIDTH="1068"
                    HEIGHT="141">
            <Shape><Polygon POINTS="2510 223 2616 248 2618 248 2668 246 2670 246 2722 216 2744 233 2746 233 2749 233 2751 233 2754 233 2788 221 2823 238 2825 238 2827 238 2830 238 2832 238 2862 211 2906 206 3007 204 3039 226 3042 226 3044 226 3047 228 3096 228 3096 226 3098 226 3101 226 3140 199 3179 214 3182 214 3184 214 3187 214 3263 191 3266 191 3349 214 3352 214 3354 214 3448 209 3450 209 3453 209 3453 206 3467 194 3512 206 3514 206 3517 206 3519 206 3578 177 3578 152 3573 107 3476 110 3416 120 3383 112 3339 113 3285 125 3240 116 3176 117 3170 120 3130 132 3071 125 3061 125 3059 125 3032 127 2933 142 2899 137 2837 126 2818 127 2682 152 2675 152 2672 152 2618 135 2616 135 2613 135 2611 135 2547 152 2514 162 2510 201 2510 201"/></Shape>
	    <String CONTENT="reliquo abjecto: eligo autem pondus et"
                    HPOS="2510"
                    VPOS="107"
                    WIDTH="1068"
                    HEIGHT="141"
                    WC="0.9957236145672045"></String>
          </TextLine>

          
          
          <TextLine ID="eSc_line_494d4731"
                    TAGREFS="LT11324"
                    BASELINE="2542 273 3359 231 3659 223" 
                    HPOS="2537"
                    VPOS="177"
                    WIDTH="1122"
                    HEIGHT="142">
            <Shape><Polygon POINTS="2542 319 2702 290 2776 307 2796 310 2798 310 2800 310 2818 305 2872 283 2911 297 2919 300 2921 300 2923 300 2926 300 2928 300 2933 295 2953 280 3005 290 3032 295 3034 295 3037 295 3039 295 3039 292 3047 287 3061 270 3106 270 3128 283 3147 292 3150 292 3152 292 3155 292 3157 292 3157 290 3160 290 3167 280 3170 275 3224 270 3231 275 3256 287 3258 287 3261 287 3659 243 3659 223 3652 177 3495 191 3477 184 3465 177 3463 177 3460 177 3458 177 3455 177 3455 179 3453 179 3450 184 3443 191 3386 187 3364 187 3362 187 3359 187 3357 187 3357 189 3354 189 3347 199 3271 191 3226 189 3224 189 3221 189 3219 189 3211 194 3194 206 3000 216 2978 206 2968 201 2965 201 2963 201 2845 206 2842 206 2840 206 2835 211 2818 223 2791 214 2783 211 2781 211 2778 211 2759 216 2687 231 2537 226 2542 273"/></Shape>
	    <String CONTENT="figura simplicissimum quale est cylindricum,"
                    HPOS="2537"
                    VPOS="177"
                    WIDTH="1122"
                    HEIGHT="142"
                    WC="0.9757467792792753"></String>
          </TextLine>

          
          
          <TextLine ID="eSc_line_5abc9433"
                    TAGREFS="LT11324"
                    BASELINE="2515 347 3672 290" 
                    HPOS="2512"
                    VPOS="248"
                    WIDTH="1160"
                    HEIGHT="133">
            <Shape><Polygon POINTS="2515 374 2658 381 2660 381 2663 381 2690 366 2692 366 2707 379 2709 379 2712 379 2714 379 2717 379 2756 364 2768 361 2788 364 2864 374 2867 374 2869 374 2909 359 2921 354 2938 356 2990 366 2992 366 2995 366 2997 366 3015 354 3019 349 3027 354 3051 364 3054 364 3056 364 3059 364 3103 349 3123 344 3152 347 3216 356 3219 356 3310 342 3337 337 3342 339 3362 349 3364 349 3367 349 3369 349 3401 337 3423 329 3440 334 3465 344 3467 344 3470 344 3526 332 3573 322 3669 324 3672 290 3667 248 2512 300 2515 347"/></Shape>
	    <String CONTENT="inutili situlae parte abjecta mente resecta:"
                    HPOS="2512"
                    VPOS="248"
                    WIDTH="1160"
                    HEIGHT="133"
                    WC="0.9954907690936868"></String>
          </TextLine>

          
          
          <TextLine ID="eSc_line_7232b315"
                    TAGREFS="LT11324"
                    BASELINE="2525 413 3298 369 3677 361" 
                    HPOS="2522"
                    VPOS="310"
                    WIDTH="1155"
                    HEIGHT="133">
            <Shape><Polygon POINTS="2525 435 2818 443 2820 443 2823 443 2852 425 2869 415 2882 425 2899 438 2901 438 2904 438 2906 438 3017 433 3019 433 3064 418 3118 401 3315 393 3674 398 3677 361 3672 315 3622 310 3620 310 3618 310 3588 319 3578 324 3576 322 3563 312 3561 312 3558 312 3556 312 3554 312 3519 324 3502 329 3475 327 3408 319 3406 319 3403 319 3401 319 3384 332 3379 334 3362 334 3293 327 3290 327 3147 344 3108 349 3093 349 3015 339 3012 339 2874 361 2859 361 2855 361 2783 351 2781 351 2778 351 2776 351 2776 354 2761 366 2759 366 2687 356 2685 356 2682 356 2680 356 2665 371 2623 359 2621 359 2618 359 2522 379 2525 413"/></Shape>
	    <String CONTENT="Sed et putei ex putei conceptus retineo tantum"
                    HPOS="2522"
                    VPOS="310"
                    WIDTH="1155"
                    HEIGHT="133"
                    WC="0.9721814938213514"></String>
          </TextLine>

          
          
          <TextLine ID="eSc_line_f8c1e743"
                    TAGREFS="LT11324"
                    BASELINE="2520 487 3374 433 3775 425" 
                    HPOS="2517"
                    VPOS="376"
                    WIDTH="1258"
                    HEIGHT="150">
            <Shape><Polygon POINTS="3760 379 3593 376 3590 376 3588 376 3549 391 3497 379 3495 379 3492 379 3396 383 3394 383 3391 383 3391 386 3379 398 3354 386 3352 386 3349 386 3197 411 3172 415 2958 423 2955 423 2926 411 2923 411 2921 411 2800 430 2773 435 2756 433 2695 423 2692 423 2690 423 2655 438 2650 443 2517 445 2520 487 2520 526 2744 519 2746 519 2749 519 2749 516 2788 492 2909 509 2919 509 2921 509 2923 509 2926 509 2926 506 2951 487 3002 504 3005 504 3007 504 3010 504 3012 504 3015 504 3015 502 3037 484 3143 472 3246 487 3248 487 3251 487 3253 487 3278 465 3347 484 3349 484 3352 484 3354 484 3357 484 3359 484 3416 457 3465 472 3467 472 3470 472 3472 472 3475 472 3509 452 3773 460 3775 425 3773 388 3770 388"/></Shape>
	    <String CONTENT="conceptum vasis aquam conti liquorem continentis,"
                    HPOS="2517"
                    VPOS="376"
                    WIDTH="1258"
                    HEIGHT="150"
                    WC="0.994287911726504"></String>
          </TextLine>

          
          
          <TextLine ID="eSc_line_d355391e"
                    TAGREFS="LT11324"
                    BASELINE="2527 558 3787 487" 
                    HPOS="2522"
                    VPOS="443"
                    WIDTH="1265"
                    HEIGHT="159">
            <Shape><Polygon POINTS="2530 598 2572 583 2591 595 2608 602 2611 602 2613 602 2832 590 2835 590 2862 575 2884 566 2946 570 2983 573 2985 573 2987 573 3012 566 3051 556 3091 561 3177 573 3179 573 3182 573 3184 573 3184 570 3204 553 3211 546 3266 543 3275 548 3298 566 3300 566 3303 566 3305 566 3421 558 3423 558 3426 558 3426 556 3428 556 3443 538 3445 531 3482 531 3507 534 3613 548 3615 548 3618 548 3620 548 3620 546 3645 524 3647 524 3657 524 3743 529 3746 529 3748 529 3787 514 3787 487 3782 452 3669 443 3667 443 3664 443 3662 443 3662 445 3647 460 3613 445 3610 445 3608 445 3605 445 3568 462 3563 465 3544 465 3438 455 3435 455 3339 472 3300 479 3273 474 3221 467 3219 467 3216 467 3189 479 3172 487 3140 482 3103 474 3101 474 3098 474 3096 474 3083 484 3074 492 3047 484 3037 484 3034 484 3032 484 3027 487 3000 497 2980 489 2963 482 2960 482 2958 482 2955 482 2938 489 2911 504 2522 506 2527 558"/></Shape>
	    <String CONTENT="denique ex conceptu mei ipsius, qui situlam extraho"
                    HPOS="2522"
                    VPOS="443"
                    WIDTH="1265"
                    HEIGHT="159"
                    WC="0.996185022241929"></String>
          </TextLine>

          
          
          <TextLine ID="eSc_line_eb77ae1e"
                    TAGREFS="LT11324"
                    BASELINE="2525 634 3197 590 3775 566" 
                    HPOS="2520"
                    VPOS="509"
                    WIDTH="1255"
                    HEIGHT="165">
            <Shape><Polygon POINTS="2525 674 2658 674 2658 671 2660 671 2675 664 2704 652 2727 662 2736 666 2739 666 2741 666 2744 666 2746 666 2751 662 2764 652 2840 657 2872 657 2874 657 2894 654 2951 639 2973 649 2975 649 2978 649 2980 649 2983 649 2985 649 3010 634 3049 644 3059 647 3061 647 3064 647 3066 647 3074 644 3098 630 3147 639 3162 642 3165 642 3202 637 3275 625 3300 632 3312 634 3315 634 3317 634 3320 634 3330 630 3364 612 3536 605 3603 615 3620 617 3622 617 3625 617 3635 615 3667 598 3689 610 3691 612 3694 612 3696 612 3699 612 3775 605 3775 566 3770 521 3694 509 3691 509 3689 509 3686 509 3657 526 3647 534 3618 529 3561 521 3558 521 3556 521 3512 536 3495 541 3455 538 3376 536 3374 536 3371 536 3349 546 3337 551 3330 548 3293 534 3290 534 3288 534 3209 536 3207 536 3204 536 3170 558 3162 561 3155 558 3106 543 3103 543 3101 543 2901 553 2899 553 2847 578 2842 580 2636 590 2633 590 2559 573 2557 573 2554 573 2552 573 2520 590 2525 634"/></Shape>
	    <String CONTENT="retineo generaliterem conceptum nempe corporis."
                    HPOS="2520"
                    VPOS="509"
                    WIDTH="1255"
                    HEIGHT="165"
                    WC="0.9923569154232106"></String>
          </TextLine>

          
          
          <TextLine ID="eSc_line_2b0fe58e"
                    TAGREFS="LT11324"
                    BASELINE="2525 708 3684 634" 
                    HPOS="2520"
                    VPOS="585"
                    WIDTH="1164"
                    HEIGHT="155">
            <Shape><Polygon POINTS="2525 740 2636 721 2783 726 2786 726 2788 726 2847 706 2889 716 2891 716 2894 716 2896 716 2951 698 2963 708 2963 711 2965 711 2968 711 2970 711 3145 686 3258 696 3261 696 3531 679 3534 679 3571 659 3682 669 3684 634 3679 598 3546 585 3544 585 3391 595 3389 595 3386 595 3354 615 3347 620 3175 627 3160 625 3108 615 3106 615 3103 615 3101 615 3083 630 3076 637 2847 647 2840 642 2823 632 2820 632 2818 632 2815 632 2776 634 2773 634 2771 634 2771 637 2761 647 2754 654 2739 649 2712 639 2709 639 2707 639 2704 639 2670 652 2650 659 2640 654 2626 644 2623 644 2621 644 2618 644 2616 644 2589 657 2576 662 2520 662 2525 708"/></Shape>
	    <String CONTENT="vim aliquam exercentis, quae scilicet vi"
                    HPOS="2520"
                    VPOS="585"
                    WIDTH="1164"
                    HEIGHT="155"
                    WC="0.9955033540725708"></String>
          </TextLine>

          
          
          <TextLine ID="eSc_line_714d149e"
                    TAGREFS="LT11324"
                    BASELINE="2522 780 3376 718 3733 708" 
                    HPOS="2517"
                    VPOS="657"
                    WIDTH="1216"
                    HEIGHT="152">
            <Shape><Polygon POINTS="2594 745 2584 733 2517 730 2522 780 2525 809 3733 735 3733 708 3726 657 3554 659 3551 659 3534 666 3514 676 3443 674 3369 669 3367 669 3364 669 3322 681 3280 691 3246 684 3179 671 3177 671 2992 684 2990 684 2987 684 2963 701 2946 716 2911 716 2899 706 2884 694 2884 691 2882 691 2879 691 2877 691 2786 708 2751 701 2749 701 2746 701 2744 701 2741 701 2741 703 2729 716 2719 726 2695 718 2658 708 2655 708 2653 708 2650 708 2648 708 2631 721 2618 745"/></Shape>
	    <String CONTENT="lompdie corporis ex aqua in vase contenta"
                    HPOS="2517"
                    VPOS="657"
                    WIDTH="1216"
                    HEIGHT="152"
                    WC="0.8966466406496559"></String>
          </TextLine>

          
          
          <TextLine ID="eSc_line_12b0d795"
                    TAGREFS="LT11324"
                    BASELINE="2574 745 2636 743" 
                    HPOS="2572"
                    VPOS="711"
                    WIDTH="64"
                    HEIGHT="61">
            <Shape><Polygon POINTS="2574 772 2599 770 2623 770 2633 767 2636 743 2628 711 2572 716 2574 745"/></Shape>
	    <String CONTENT="ia"
                    HPOS="2572"
                    VPOS="711"
                    WIDTH="64"
                    HEIGHT="61"
                    WC="0.9864860773086548"></String>
          </TextLine>

          
          
          <TextLine ID="eSc_line_7c3d436b"
                    TAGREFS="LT11324"
                    BASELINE="2517 841 3546 780 4019 770" 
                    HPOS="2515"
                    VPOS="721"
                    WIDTH="1504"
                    HEIGHT="167">
            <Shape><Polygon POINTS="4011 726 3853 721 3837 733 3837 735 3689 740 3672 728 3669 728 3667 728 3664 728 3662 728 3659 728 3640 743 3620 728 3618 728 3615 728 3613 728 3610 728 3566 748 3563 748 3558 748 3475 733 3472 733 3381 738 3379 738 3332 760 3327 760 3317 760 3197 748 3194 748 3098 770 3098 772 3088 772 2963 775 2921 762 2919 762 2916 762 2914 762 2837 785 2823 790 2729 792 2724 790 2704 775 2702 775 2700 775 2697 775 2515 799 2517 841 2517 868 2559 888 2562 888 2564 888 2567 888 2569 888 2596 871 2714 878 2717 878 2719 878 2722 878 2746 858 2754 854 2778 856 2887 871 2889 871 2891 871 2951 851 2970 844 2990 849 3017 856 3019 856 3022 856 3024 856 3049 846 3076 836 3106 844 3150 856 3152 856 3155 856 3214 854 3216 854 3243 839 3268 826 3344 836 3359 836 3362 836 3374 834 3448 817 3470 831 3472 831 3475 831 3477 831 3480 831 3485 829 3522 819 3576 826 3581 826 3583 826 3586 826 3588 826 3588 824 3600 812 3635 824 3647 829 3650 829 3652 829 3654 829 3669 824 3726 802 3787 819 3797 822 3800 822 3802 822 3896 817 3898 817 3901 817 3901 814 3915 802 3930 814 3933 814 3935 814 3938 814 4019 809 4019 770 4016 730 4014 728"/></Shape>
	    <String CONTENT="extracti, mensurari potest. Habemus ergo mensuratur"
                    HPOS="2515"
                    VPOS="721"
                    WIDTH="1504"
                    HEIGHT="167"
                    WC="0.9773452913059908"></String>
          </TextLine>

          
          
          <TextLine ID="eSc_line_62b0cb92"
                    TAGREFS="LT11324"
                    BASELINE="2515 910 3711 839" 
                    HPOS="2510"
                    VPOS="804"
                    WIDTH="1201"
                    HEIGHT="145">
            <Shape><Polygon POINTS="2515 945 2586 949 2589 949 2653 937 2685 930 2719 932 2803 937 2805 937 2808 937 2810 937 2810 935 2823 925 2825 922 2827 925 2835 930 2837 930 2840 930 2842 930 2845 930 2847 930 2847 927 2855 922 2864 910 2926 908 2953 915 2987 925 2990 925 2992 925 3101 908 3197 913 3199 913 3202 913 3204 913 3204 910 3207 910 3216 898 3298 908 3300 908 3354 903 3357 903 3359 903 3379 886 3384 881 3396 883 3443 898 3445 898 3448 898 3450 898 3512 883 3583 890 3586 890 3588 890 3590 890 3590 888 3608 868 3610 866 3711 861 3711 839 3706 804 3406 804 3403 804 3401 804 3325 826 3315 829 3307 829 3241 814 3239 814 3236 814 3234 814 3209 834 3207 834 3130 826 3128 826 3125 826 3123 826 3106 841 3103 841 3098 841 2995 829 2992 829 2862 856 2859 856 2857 856 2788 841 2786 841 2623 871 2621 871 2618 871 2544 856 2542 856 2540 856 2537 856 2510 871 2515 910"/></Shape>
	    <String CONTENT="determinatur. Habemus ergo libram, seu"
                    HPOS="2510"
                    VPOS="804"
                    WIDTH="1201"
                    HEIGHT="145"
                    WC="0.9914221575385646"></String>
          </TextLine>

          
          
          <TextLine ID="eSc_line_f9f400c3"
                    TAGREFS="LT11324"
                    BASELINE="2522 979 3674 913" 
                    HPOS="2517"
                    VPOS="868"
                    WIDTH="1157"
                    HEIGHT="145">
            <Shape><Polygon POINTS="2522 1013 2808 1009 2894 994 2958 981 2990 986 3032 994 3034 994 3248 984 3251 984 3300 967 3317 959 3460 952 3472 957 3502 967 3504 967 3507 967 3632 962 3635 962 3674 942 3674 913 3669 878 3588 881 3571 868 3568 868 3566 868 3563 868 3458 888 3426 881 3423 881 3421 881 3418 881 3416 881 3416 883 3413 883 3408 893 3406 893 3401 893 3305 886 3303 886 3300 886 3298 886 3283 900 3246 886 3243 886 3241 886 3239 886 3236 886 3214 905 3115 908 3091 895 3088 895 3086 895 3083 895 3081 895 3054 913 2955 908 2953 908 2951 908 2948 908 2948 910 2938 917 2916 905 2914 905 2911 905 2909 905 2773 913 2771 913 2727 932 2643 935 2618 922 2616 922 2613 922 2611 922 2608 922 2608 925 2606 925 2596 937 2579 927 2576 927 2574 927 2572 927 2569 927 2517 942 2522 979"/></Shape>
	    <String CONTENT="instrumentu  vim sive potentiam metitur,"
                    HPOS="2517"
                    VPOS="868"
                    WIDTH="1157"
                    HEIGHT="145"
                    WC="0.9267876900732517"></String>
          </TextLine>

          
          
          <TextLine ID="eSc_line_436e36a9"
                    TAGREFS="LT11324"
                    BASELINE="2532 1045 2887 1026" 
                    HPOS="2527"
                    VPOS="996"
                    WIDTH="360"
                    HEIGHT="99">
            <Shape><Polygon POINTS="2532 1068 2616 1095 2618 1095 2621 1095 2695 1090 2697 1090 2700 1090 2732 1060 2776 1075 2778 1075 2781 1075 2887 1053 2887 1026 2882 996 2527 996 2532 1045"/></Shape>
	    <String CONTENT="id est libram"
                    HPOS="2527"
                    VPOS="996"
                    WIDTH="360"
                    HEIGHT="99"
                    WC="0.9872059959631699"></String>
          </TextLine>

          
          
          <TextLine ID="eSc_line_11d554db"
                    TAGREFS="LT11324"
                    BASELINE="2687 1124 3152 1090 3696 1065" 
                    HPOS="2682"
                    VPOS="996"
                    WIDTH="1014"
                    HEIGHT="173">
            <Shape><Polygon POINTS="2690 1169 2798 1164 2800 1164 2803 1164 2805 1161 2830 1139 2867 1149 2869 1149 2872 1149 2874 1149 2877 1149 2904 1129 3002 1146 3029 1151 3032 1151 3115 1146 3118 1146 3120 1146 3133 1139 3167 1119 3268 1122 3271 1122 3273 1122 3330 1105 3357 1122 3359 1124 3362 1124 3364 1124 3367 1124 3369 1124 3379 1122 3433 1100 3465 1114 3487 1124 3490 1124 3492 1124 3495 1124 3526 1109 3554 1100 3581 1107 3603 1112 3605 1112 3608 1112 3610 1112 3613 1112 3622 1105 3637 1095 3694 1097 3696 1065 3691 1023 3605 996 3603 996 3600 996 3598 996 3595 996 3558 1021 3502 1001 3499 1001 3497 1001 3369 1009 3367 1009 3290 1036 3199 1028 3197 1028 3194 1028 3192 1028 3192 1031 3175 1045 3162 1038 3160 1038 3157 1038 3155 1038 3152 1038 3125 1050 3108 1060 3017 1063 2997 1058 2955 1043 2953 1043 2951 1043 2948 1043 2914 1060 2894 1073 2682 1073 2687 1124"/></Shape>
	    <String CONTENT="Ingenia porrus natura Combinatoria"
                    HPOS="2682"
                    VPOS="996"
                    WIDTH="1014"
                    HEIGHT="173"
                    WC="0.9681519883520463"></String>
          </TextLine>

          
          
          <TextLine ID="eSc_line_812e0ed7"
                    TAGREFS="LT11324"
                    BASELINE="2503 1210 3399 1149 3785 1137" 
                    HPOS="2502"
                    VPOS="1082"
                    WIDTH="1283"
                    HEIGHT="168">
            <Shape><Polygon POINTS="2734 1220 2798 1235 2808 1235 2810 1235 2813 1235 2825 1233 2872 1220 2909 1228 2928 1230 2931 1230 2933 1230 2936 1230 2941 1225 2963 1210 3005 1215 3007 1215 3010 1215 3012 1215 3027 1203 3056 1218 3059 1220 3061 1220 3064 1220 3066 1220 3069 1220 3069 1218 3071 1218 3093 1198 3184 1210 3202 1213 3204 1213 3229 1208 3364 1181 3389 1198 3391 1198 3394 1198 3396 1198 3399 1198 3480 1176 3499 1193 3502 1193 3504 1193 3507 1193 3509 1193 3512 1193 3536 1178 3615 1186 3618 1186 3620 1186 3622 1186 3689 1164 3782 1176 3785 1137 3780 1097 3689 1082 3686 1082 3684 1082 3682 1082 3650 1102 3637 1109 3519 1114 3495 1107 3443 1092 3440 1092 3438 1092 3435 1092 3433 1092 3408 1112 3401 1117 3394 1112 3362 1095 3359 1095 3357 1095 3354 1095 3315 1109 3295 1097 3293 1097 3290 1097 3288 1097 3285 1097 3283 1097 3258 1117 3239 1129 3179 1122 3177 1122 2955 1149 2906 1132 2889 1124 2887 1124 2884 1124 2882 1124 2879 1124 2872 1132 2842 1159 2776 1164 2690 1164 2663 1141 2663 1139 2660 1139 2658 1139 2655 1139 2502 1146 2503 1250"/></Shape>
	    <String CONTENT="sunt, in quibus magna est imaginum agitatio"
                    HPOS="2502"
                    VPOS="1082"
                    WIDTH="1283"
                    HEIGHT="168"
                    WC="0.9809785928837088"></String>
          </TextLine>

          
          
          <TextLine ID="eSc_line_24a5e755"
                    TAGREFS="LT11324"
                    BASELINE="2520 1272 3002 1257 3657 1213" 
                    HPOS="2515"
                    VPOS="1164"
                    WIDTH="1142"
                    HEIGHT="152">
            <Shape><Polygon POINTS="2520 1304 2608 1316 2611 1316 2613 1316 2695 1297 2704 1294 2722 1294 2879 1301 2882 1301 3147 1287 3150 1287 3192 1269 3197 1267 3204 1267 3256 1279 3258 1279 3261 1279 3315 1262 3317 1262 3322 1262 3408 1269 3411 1269 3413 1269 3416 1269 3416 1267 3418 1267 3426 1255 3428 1255 3440 1255 3546 1265 3549 1265 3657 1242 3657 1213 3642 1164 3627 1183 3595 1186 3529 1186 3507 1171 3504 1171 3502 1171 3499 1171 3497 1171 3492 1173 3458 1188 3431 1176 3423 1173 3421 1173 3418 1173 3347 1178 3344 1178 3342 1178 3342 1181 3339 1181 3322 1198 3280 1186 3275 1183 3273 1183 3271 1183 3268 1183 3266 1183 3263 1186 3231 1205 3081 1210 3032 1198 3017 1196 3015 1196 3012 1196 3010 1196 2997 1201 2960 1218 2879 1208 2852 1205 2850 1205 2847 1205 2845 1205 2845 1208 2840 1210 2832 1218 2768 1215 2729 1213 2727 1213 2724 1213 2722 1213 2717 1218 2692 1233 2663 1220 2655 1218 2653 1218 2650 1218 2648 1218 2638 1223 2604 1237 2579 1225 2569 1220 2567 1220 2564 1220 2515 1228 2520 1272"/></Shape>
	    <String CONTENT="et simul sensus interior ita delicatus, ut"
                    HPOS="2515"
                    VPOS="1164"
                    WIDTH="1142"
                    HEIGHT="152"
                    WC="0.9989807932149797"></String>
          </TextLine>

          
          
          <TextLine ID="eSc_line_cf82b298"
                    TAGREFS="LT11324"
                    BASELINE="2520 1351 3664 1274" 
                    HPOS="2515"
                    VPOS="1240"
                    WIDTH="1149"
                    HEIGHT="150">
            <Shape><Polygon POINTS="2520 1375 2581 1390 2584 1390 2586 1390 2650 1368 2653 1368 2702 1383 2704 1383 2707 1383 2808 1370 2810 1370 2813 1370 2813 1368 2825 1356 2827 1356 2837 1356 2963 1365 2965 1365 3039 1360 3042 1360 3081 1341 3088 1336 3194 1331 3204 1333 3253 1346 3256 1346 3258 1346 3261 1346 3303 1331 3401 1333 3403 1333 3406 1333 3440 1316 3448 1314 3465 1316 3546 1326 3549 1326 3551 1326 3554 1326 3581 1309 3586 1304 3664 1301 3664 1274 3657 1240 2515 1309 2520 1351"/></Shape>
	    <String CONTENT="cum agitato ut ita dicam sacco innomeri"
                    HPOS="2515"
                    VPOS="1240"
                    WIDTH="1149"
                    HEIGHT="150"
                    WC="0.9917602997559768"></String>
          </TextLine>

          
          
          <TextLine ID="eSc_line_8e35301b"
                    TAGREFS="LT11324"
                    BASELINE="2532 1420 3578 1336 3822 1324" 
                    HPOS="2527"
                    VPOS="1269"
                    WIDTH="1295"
                    HEIGHT="192">
            <Shape><Polygon POINTS="3536 1304 3534 1306 3470 1309 3450 1294 3450 1292 3448 1292 3445 1292 3443 1292 3440 1292 3438 1292 3401 1314 3399 1316 3389 1316 3135 1316 3133 1316 3130 1316 3128 1316 3098 1336 3093 1341 2919 1351 2916 1351 2891 1338 2889 1338 2887 1338 2884 1338 2847 1356 2840 1358 2825 1356 2766 1348 2764 1348 2761 1348 2727 1363 2717 1368 2707 1365 2660 1353 2658 1353 2655 1353 2653 1353 2604 1373 2591 1380 2527 1380 2532 1420 2532 1447 2623 1461 2626 1461 2628 1461 2672 1439 2827 1439 2830 1439 2832 1439 2835 1439 2852 1424 2884 1439 2887 1439 2889 1439 3069 1427 3071 1427 3130 1400 3133 1400 3135 1400 3189 1417 3192 1417 3194 1417 3253 1412 3256 1412 3258 1412 3288 1388 3305 1400 3307 1400 3310 1400 3312 1400 3411 1383 3440 1395 3443 1395 3445 1395 3448 1395 3450 1395 3450 1392 3453 1392 3465 1375 3467 1373 3566 1365 3568 1365 3578 1375 3578 1378 3581 1378 3583 1378 3586 1378 3588 1378 3657 1358 3664 1358 3667 1358 3711 1375 3714 1375 3716 1375 3718 1375 3721 1375 3721 1373 3736 1360 3750 1373 3753 1373 3755 1373 3758 1373 3760 1373 3822 1346 3822 1324 3817 1282 3726 1269 3723 1269 3721 1269 3630 1297 3605 1279 3590 1279"/></Shape>
	    <String CONTENT="multae intra exiguum tempus exeant conjunctiones"
                    HPOS="2527"
                    VPOS="1269"
                    WIDTH="1295"
                    HEIGHT="192"
                    WC="0.9983071386814117"></String>
          </TextLine>

          
          
          <TextLine ID="eSc_line_af0250ca"
                    TAGREFS="LT11324"
                    BASELINE="2525 1484 3485 1407 3824 1392" 
                    HPOS="2520"
                    VPOS="1336"
                    WIDTH="1304"
                    HEIGHT="167">
            <Shape><Polygon POINTS="2525 1503 2729 1493 2751 1503 2754 1503 2756 1503 2840 1484 2855 1481 2862 1481 2914 1496 2916 1496 2919 1496 3027 1486 3029 1486 3032 1486 3059 1469 3061 1466 3066 1466 3111 1481 3113 1481 3115 1481 3194 1474 3197 1474 3199 1474 3199 1471 3214 1456 3216 1452 3285 1449 3290 1452 3307 1464 3310 1464 3312 1464 3315 1464 3317 1464 3396 1444 3416 1439 3435 1439 3502 1447 3504 1447 3507 1447 3509 1447 3509 1444 3522 1434 3524 1432 3539 1432 3590 1437 3593 1437 3595 1437 3622 1427 3637 1422 3650 1424 3696 1437 3699 1437 3701 1437 3704 1437 3706 1437 3733 1420 3736 1417 3743 1417 3797 1429 3800 1429 3802 1429 3805 1429 3824 1412 3824 1392 3810 1336 3778 1356 3586 1356 3556 1356 3554 1356 3531 1360 3421 1383 3401 1370 3399 1368 3396 1368 3394 1368 3391 1368 3160 1385 3157 1385 3145 1390 3125 1402 3096 1395 3088 1395 3086 1395 3083 1395 3081 1395 3081 1397 3059 1410 2980 1405 2933 1402 2931 1402 2928 1402 2926 1402 2916 1410 2899 1422 2887 1412 2884 1410 2882 1410 2879 1410 2877 1410 2874 1410 2872 1410 2872 1412 2869 1415 2857 1427 2712 1434 2695 1429 2677 1422 2675 1422 2672 1422 2670 1422 2650 1432 2631 1444 2520 1444 2525 1484"/></Shape>
	    <String CONTENT="cum tamen una exit apsa, his quae anima versamus"
                    HPOS="2520"
                    VPOS="1336"
                    WIDTH="1304"
                    HEIGHT="167"
                    WC="0.9712460190057755"></String>
          </TextLine>

          
          
          <TextLine ID="eSc_line_b132d454"
                    TAGREFS="LT11324"
                    BASELINE="2535 1555 3487 1476 3920 1461" 
                    HPOS="2530"
                    VPOS="1410"
                    WIDTH="1390"
                    HEIGHT="179">
            <Shape><Polygon POINTS="3893 1417 3701 1429 3630 1410 3627 1410 3625 1410 3622 1410 3620 1410 3571 1439 3529 1417 3526 1417 3524 1417 3522 1417 3519 1417 3495 1437 3472 1422 3470 1422 3467 1422 3465 1422 3396 1427 3394 1427 3391 1427 3391 1429 3371 1447 3349 1432 3347 1432 3344 1432 3342 1432 3339 1432 3283 1454 3234 1439 3231 1439 3229 1439 3226 1439 3128 1474 3128 1476 3096 1476 2980 1484 2832 1469 2830 1469 2761 1479 2759 1479 2756 1479 2727 1503 2650 1493 2648 1493 2645 1493 2643 1493 2643 1496 2631 1506 2608 1491 2606 1491 2604 1491 2601 1491 2599 1491 2530 1518 2535 1555 2542 1589 2569 1572 2658 1582 2700 1584 2702 1584 2704 1584 2729 1577 2783 1557 2842 1567 2867 1572 2869 1572 2872 1572 2896 1565 2936 1550 3056 1548 3059 1548 3061 1548 3061 1545 3076 1533 3140 1545 3143 1545 3145 1545 3147 1545 3179 1525 3364 1525 3364 1523 3367 1523 3401 1506 3593 1493 3622 1516 3625 1516 3627 1516 3630 1516 3667 1511 3874 1484 3915 1493 3920 1461 3913 1432 3906 1427"/></Shape>
	    <String CONTENT="statim ea  percipiat ejque ne dilabatur iniciat manus"
                    HPOS="2530"
                    VPOS="1410"
                    WIDTH="1390"
                    HEIGHT="179"
                    WC="0.8650682416726958"></String>
          </TextLine>

          
          
          <TextLine ID="eSc_line_a29b5a28"
                    TAGREFS="LT11324"
                    BASELINE="2522 1626 3507 1548 3901 1530" 
                    HPOS="2522"
                    VPOS="1471"
                    WIDTH="1379"
                    HEIGHT="200">
            <Shape><Polygon POINTS="2687 1639 2712 1653 2714 1653 2717 1653 2719 1653 2722 1653 2724 1653 2759 1629 2980 1639 2983 1639 2985 1639 3051 1619 3199 1621 3202 1621 3204 1621 3253 1602 3305 1612 3307 1612 3310 1612 3379 1580 3399 1589 3401 1589 3403 1589 3406 1589 3477 1570 3603 1567 3664 1587 3667 1587 3669 1587 3672 1587 3674 1587 3674 1584 3701 1557 3733 1570 3736 1570 3738 1570 3741 1570 3805 1552 3846 1572 3849 1572 3851 1572 3901 1570 3901 1530 3893 1479 3837 1471 3834 1471 3832 1471 3829 1471 3814 1484 3810 1488 3652 1503 3632 1496 3618 1488 3615 1488 3613 1488 3490 1496 3416 1511 3320 1528 3207 1523 3155 1523 3152 1523 3150 1523 3138 1528 3103 1545 2864 1562 2837 1552 2835 1552 2832 1552 2700 1575 2670 1560 2668 1560 2665 1560 2663 1560 2643 1562 2535 1580 2522 1570 2522 1626 2525 1671"/></Shape>
	    <String CONTENT="At Ingenia natura analytica uni t immorantur,"
                    HPOS="2522"
                    VPOS="1471"
                    WIDTH="1379"
                    HEIGHT="200"
                    WC="0.9071703579690721"></String>
          </TextLine>

          
          
          <TextLine ID="eSc_line_be46e4d1"
                    TAGREFS="LT11324"
                    BASELINE="2540 1685 3723 1602" 
                    HPOS="2535"
                    VPOS="1555"
                    WIDTH="1188"
                    HEIGHT="170">
            <Shape><Polygon POINTS="2540 1725 2675 1725 2675 1722 2677 1722 2714 1712 2786 1693 2830 1705 2845 1710 2847 1710 2850 1710 2923 1705 2926 1705 2928 1705 2936 1698 2963 1680 3029 1693 3034 1693 3037 1693 3047 1693 3170 1666 3342 1673 3357 1673 3359 1673 3371 1671 3487 1646 3583 1656 3586 1656 3588 1656 3590 1656 3590 1653 3593 1653 3605 1636 3723 1648 3723 1602 3716 1555 3403 1589 3290 1584 3283 1584 3280 1584 3278 1584 3275 1584 3275 1587 3273 1587 3263 1602 3165 1607 3135 1594 3133 1594 3130 1594 3128 1594 3111 1597 2987 1621 2535 1636 2540 1685"/></Shape>
	    <String CONTENT="et solida magis fortiaque quam promta sunt"
                    HPOS="2535"
                    VPOS="1555"
                    WIDTH="1188"
                    HEIGHT="170"
                    WC="0.9905249107451666"></String>
          </TextLine>

          
          
          <TextLine ID="eSc_line_ec124f7a"
                    TAGREFS="LT11324"
                    BASELINE="2554 1749 3775 1668" 
                    HPOS="2549"
                    VPOS="1619"
                    WIDTH="1226"
                    HEIGHT="180">
            <Shape><Polygon POINTS="2557 1799 2668 1774 2751 1784 2768 1786 2771 1786 2773 1786 2781 1784 2820 1762 2859 1774 2862 1774 2864 1774 3022 1752 3054 1762 3069 1767 3071 1767 3074 1767 3209 1757 3211 1757 3234 1749 3263 1737 3273 1744 3278 1749 3280 1749 3283 1749 3285 1749 3288 1749 3300 1744 3335 1727 3396 1737 3440 1742 3443 1742 3531 1727 3635 1708 3684 1715 3723 1720 3726 1720 3728 1720 3731 1720 3731 1717 3741 1710 3750 1700 3770 1708 3775 1668 3768 1619 3480 1653 3460 1644 3455 1639 3453 1639 3450 1639 3448 1639 3445 1639 3431 1646 3403 1658 3381 1648 3371 1646 3369 1646 3367 1646 3364 1646 3354 1651 3330 1663 3312 1653 3300 1648 3298 1648 3295 1648 3187 1656 3184 1656 3182 1656 3182 1658 3179 1658 3175 1666 3170 1671 3160 1666 3147 1661 3145 1661 3143 1661 3140 1661 3123 1671 3106 1678 3071 1673 3022 1668 3019 1668 3017 1668 3015 1668 3000 1680 2990 1688 2884 1693 2852 1693 2741 1685 2739 1685 2549 1715 2554 1749"/></Shape>
	    <String CONTENT="quemadmodum videmus pilae majore formento"
                    HPOS="2549"
                    VPOS="1619"
                    WIDTH="1226"
                    HEIGHT="180"
                    WC="0.9757180657328629"></String>
          </TextLine>

          
          
          <TextLine ID="eSc_line_b2000499"
                    TAGREFS="LT11324"
                    BASELINE="2547 1823 3728 1742" 
                    HPOS="2542"
                    VPOS="1700"
                    WIDTH="1186"
                    HEIGHT="163">
            <Shape><Polygon POINTS="2547 1853 2572 1863 2574 1863 2576 1863 2579 1863 2638 1848 2658 1843 2665 1845 2682 1858 2685 1858 2687 1858 2690 1858 2692 1858 2732 1843 2749 1835 2810 1838 2901 1840 2904 1840 2906 1840 2909 1840 2919 1831 2923 1826 2933 1831 2958 1840 2960 1840 2963 1840 3032 1835 3034 1835 3061 1823 3086 1811 3111 1818 3135 1828 3138 1828 3140 1828 3226 1813 3251 1808 3263 1811 3295 1818 3298 1818 3300 1818 3303 1818 3305 1818 3325 1806 3344 1794 3357 1803 3362 1808 3364 1808 3367 1808 3369 1811 3445 1811 3445 1808 3448 1808 3475 1799 3517 1779 3583 1779 3603 1789 3610 1796 3613 1796 3615 1796 3618 1796 3620 1796 3642 1789 3672 1776 3726 1781 3728 1742 3721 1700 3293 1735 3221 1730 3184 1727 3182 1727 3179 1727 3160 1732 3111 1747 3034 1740 3010 1740 3007 1740 3005 1740 3002 1740 3002 1742 3000 1742 2992 1754 2965 1744 2963 1744 2960 1744 2958 1744 2941 1747 2823 1767 2732 1759 2722 1759 2719 1759 2709 1759 2606 1781 2542 1772 2547 1823"/></Shape>
	    <String CONTENT="excussae tardae licet, et morientis jam in solo"
                    HPOS="2542"
                    VPOS="1700"
                    WIDTH="1186"
                    HEIGHT="163"
                    WC="0.9954174909185856"></String>
          </TextLine>

          
          
          <TextLine ID="eSc_line_342aa683"
                    TAGREFS="LT11324"
                    BASELINE="2544 1897 3480 1821 3785 1808" 
                    HPOS="2540"
                    VPOS="1762"
                    WIDTH="1245"
                    HEIGHT="182">
            <Shape><Polygon POINTS="2549 1944 2643 1914 2727 1929 2729 1929 2732 1929 2773 1907 2872 1912 2874 1912 2877 1912 2931 1892 3017 1907 3019 1907 3022 1907 3024 1907 3027 1907 3066 1887 3113 1899 3115 1899 3118 1899 3120 1899 3123 1899 3182 1872 3327 1875 3330 1875 3332 1875 3335 1875 3335 1872 3337 1872 3347 1858 3391 1858 3460 1872 3465 1872 3467 1872 3608 1860 3610 1860 3613 1860 3613 1858 3632 1835 3672 1835 3782 1845 3785 1808 3778 1762 2540 1860 2544 1897"/></Shape>
	    <String CONTENT="progressus eam vim esse, etiam cum jam quietura"
                    HPOS="2540"
                    VPOS="1762"
                    WIDTH="1245"
                    HEIGHT="182"
                    WC="0.9896890102548802"></String>
          </TextLine>

          
          
          <TextLine ID="eSc_line_e2ec4ebc"
                    TAGREFS="LT11324"
                    BASELINE="2549 1963 2756 1941 3726 1877" 
                    HPOS="2544"
                    VPOS="1833"
                    WIDTH="1182"
                    HEIGHT="172">
            <Shape><Polygon POINTS="2552 2005 2623 1973 2712 1993 2729 1995 2732 1995 2776 1988 2788 1983 2791 1983 2793 1983 2793 1981 2796 1981 2810 1961 2864 1968 2867 1968 2960 1951 3027 1963 3044 1966 3047 1966 3049 1966 3074 1959 3111 1949 3123 1954 3145 1966 3147 1966 3150 1966 3207 1963 3371 1931 3438 1919 3470 1922 3600 1936 3603 1936 3605 1936 3608 1936 3647 1909 3726 1897 3726 1877 3721 1845 3637 1833 3635 1833 3632 1833 3595 1853 3554 1840 3551 1840 3549 1840 3546 1840 3544 1840 3519 1858 3517 1858 3514 1858 3386 1853 3384 1853 3381 1853 3379 1853 3379 1855 3367 1865 3352 1853 3349 1853 3347 1853 3344 1853 3248 1875 3204 1863 3202 1863 3199 1863 3197 1863 3194 1863 3162 1882 3160 1882 3091 1877 3088 1877 3019 1892 3017 1892 3015 1892 2911 1882 2909 1882 2906 1882 2827 1904 2791 1892 2788 1892 2786 1892 2783 1892 2781 1892 2759 1912 2751 1912 2640 1917 2621 1904 2618 1904 2616 1904 2613 1904 2611 1904 2544 1924 2549 1963"/></Shape>
	    <String CONTENT="est, ut pes ei ssine periculo opponi non possit."
                    HPOS="2544"
                    VPOS="1833"
                    WIDTH="1182"
                    HEIGHT="172"
                    WC="0.9871700343986353"></String>
          </TextLine>

          
          
          <TextLine ID="eSc_line_bb8cf575"
                    TAGREFS="LT11324"
                    BASELINE="2559 2047 3268 1986 3952 1944" 
                    HPOS="2554"
                    VPOS="1882"
                    WIDTH="1398"
                    HEIGHT="207">
            <Shape><Polygon POINTS="3903 1892 3878 1890 3854 1885 3846 1882 3829 1899 3812 1912 3758 1914 3728 1907 3696 1897 3694 1897 3691 1897 3689 1897 3686 1897 3672 1912 3669 1914 3526 1931 3504 1924 3465 1912 3463 1912 3460 1912 3359 1917 3357 1917 3354 1917 3330 1939 3325 1944 3320 1941 3312 1934 3312 1931 3310 1931 3307 1931 3305 1931 3303 1931 3300 1931 3300 1934 3298 1934 3290 1944 3285 1951 3194 1956 3187 1951 3179 1944 3177 1944 3175 1944 3172 1944 3170 1944 3118 1959 3096 1963 3091 1961 3061 1941 3059 1941 3056 1941 3054 1941 3051 1941 3002 1966 2995 1971 2990 1968 2948 1949 2946 1949 2943 1949 2941 1949 2906 1963 2832 1956 2830 1956 2827 1956 2825 1956 2805 1973 2768 1961 2766 1961 2764 1961 2761 1961 2759 1961 2729 1986 2633 1971 2631 1971 2628 1971 2554 2000 2559 2047 2562 2089 2663 2069 2714 2077 2717 2077 2719 2077 2825 2047 2887 2067 2889 2067 2891 2067 2894 2067 2960 2047 3019 2057 3022 2057 3024 2057 3027 2057 3029 2057 3157 2020 3335 2010 3413 2027 3418 2027 3421 2027 3428 2027 3566 1993 3618 2005 3620 2005 3622 2005 3625 2005 3627 2005 3647 1993 3837 1993 3839 1993 3842 1993 3874 1978 3952 1986 3952 1944 3947 1902 3930 1897"/></Shape>
	    <String CONTENT="Habiola Usupantem facultatem combinatoriam tribuit"
                    HPOS="2554"
                    VPOS="1882"
                    WIDTH="1398"
                    HEIGHT="207"
                    WC="0.9683709192276001"></String>
          </TextLine>

          
          
          <TextLine ID="eSc_line_4ecd2202"
                    TAGREFS="LT11324"
                    BASELINE="2515 2121 2850 2104 3376 2050 4031 2005" 
                    HPOS="2510"
                    VPOS="1968"
                    WIDTH="1521"
                    HEIGHT="192">
            <Shape><Polygon POINTS="2515 2146 2611 2160 2613 2160 2616 2160 2700 2133 2734 2148 2736 2148 2739 2148 2741 2148 2744 2148 2773 2126 2776 2126 2781 2126 2896 2138 2899 2138 2987 2131 2990 2131 2992 2131 3029 2106 3037 2106 3145 2119 3147 2119 3150 2119 3192 2104 3376 2104 3376 2101 3379 2101 3499 2069 3507 2069 3509 2069 3598 2084 3600 2084 3603 2084 3650 2059 3746 2052 3851 2064 3854 2064 3856 2064 3859 2064 3896 2040 3898 2037 4031 2027 4031 2005 4026 1968 3795 1968 3792 1968 3699 1991 3677 1995 3659 1993 3598 1983 3595 1983 3593 1983 3590 1983 3568 2000 3561 2005 3556 2000 3539 1988 3536 1988 3534 1988 3531 1988 3529 1988 3526 1988 3504 2003 3492 2010 3450 2008 3374 2000 3371 2000 3369 2000 3335 2015 3307 2025 3280 2018 3248 2010 3246 2010 3243 2010 3160 2025 3135 2030 3120 2027 3088 2023 3086 2023 3083 2023 3059 2032 3022 2050 2818 2052 2704 2072 2658 2059 2650 2057 2648 2057 2645 2057 2643 2057 2640 2057 2638 2059 2608 2079 2584 2064 2584 2062 2581 2062 2579 2062 2576 2062 2510 2067 2515 2121"/></Shape>
	    <String CONTENT="nasei nanifetum multitudine issa imaginum exiguarum"
                    HPOS="2510"
                    VPOS="1968"
                    WIDTH="1521"
                    HEIGHT="192"
                    WC="0.9839776917999866"></String>
          </TextLine>

          
          
          <TextLine ID="eSc_line_82fad972"
                    TAGREFS="LT11324"
                    BASELINE="2540 2192 3101 2153 3411 2116 4058 2077" 
                    HPOS="2535"
                    VPOS="2025"
                    WIDTH="1523"
                    HEIGHT="202">
            <Shape><Polygon POINTS="2542 2227 2714 2190 2973 2197 2975 2197 2978 2197 3012 2180 3199 2175 3202 2175 3204 2175 3236 2153 3263 2165 3266 2165 3268 2165 3271 2165 3310 2148 3335 2160 3337 2160 3339 2160 3342 2160 3389 2148 3408 2165 3411 2165 3413 2165 3416 2165 3529 2146 3608 2153 3610 2153 3613 2153 3615 2153 3652 2123 3672 2133 3674 2133 3677 2133 3679 2133 3718 2119 3760 2119 3785 2138 3787 2138 3790 2138 3792 2138 3795 2138 3846 2116 3928 2119 3930 2119 3933 2119 3935 2119 3955 2106 4058 2121 4058 2077 4048 2025 3977 2047 3933 2035 3928 2032 3925 2032 3923 2032 3920 2032 3906 2035 3817 2059 3765 2047 3760 2047 3758 2047 3755 2047 3750 2050 3714 2067 3691 2055 3686 2050 3684 2050 3682 2050 3679 2050 3677 2050 3657 2057 3605 2077 3568 2077 3554 2064 3549 2062 3549 2059 3546 2059 3544 2059 3541 2059 3495 2069 3458 2077 3431 2074 3396 2072 3394 2072 3391 2072 3389 2072 3379 2079 3357 2091 3310 2084 3288 2082 3285 2082 3283 2082 3280 2082 3280 2084 3275 2087 3261 2101 3172 2101 3155 2096 3130 2089 3128 2089 3125 2089 3000 2099 2997 2099 2995 2099 2995 2101 2983 2111 2975 2121 2847 2128 2825 2123 2786 2114 2783 2114 2781 2114 2778 2114 2714 2133 2692 2141 2606 2143 2604 2141 2576 2128 2574 2128 2572 2128 2569 2128 2535 2143 2540 2192"/></Shape>
	    <String CONTENT="regrantiae multitudine, quam experimenta cogitationesque"
                    HPOS="2535"
                    VPOS="2025"
                    WIDTH="1523"
                    HEIGHT="202"
                    WC="0.9722863520894732"></String>
          </TextLine>

          
          
          <TextLine ID="eSc_line_793287a0"
                    TAGREFS="LT11324"
                    BASELINE="2540 2266 3123 2224 3558 2175 4078 2143" 
                    HPOS="2535"
                    VPOS="2096"
                    WIDTH="1543"
                    HEIGHT="200">
            <Shape><Polygon POINTS="2540 2293 2692 2296 2695 2296 2697 2296 2727 2281 2759 2296 2761 2296 2764 2296 2766 2296 2768 2296 2791 2281 2887 2286 2889 2286 3019 2259 3056 2251 3081 2254 3170 2264 3172 2264 3175 2264 3211 2244 3216 2242 3241 2242 3376 2246 3379 2246 3381 2246 3384 2246 3384 2244 3386 2244 3396 2229 3403 2222 3450 2227 3549 2234 3551 2234 3608 2229 3610 2229 3613 2229 3635 2212 3650 2200 3864 2187 3874 2195 3891 2207 3893 2207 3896 2207 3898 2207 3901 2207 3903 2207 3925 2190 3930 2187 3935 2190 3950 2202 3952 2202 3955 2202 3957 2202 3960 2202 3999 2185 4026 2173 4075 2178 4078 2143 4070 2096 3888 2121 3864 2114 3851 2109 3849 2109 3846 2109 3844 2109 3824 2116 3797 2128 3780 2121 3758 2109 3755 2109 3753 2109 3637 2116 3635 2116 3632 2116 3608 2136 3595 2146 3544 2148 3531 2141 3512 2128 3509 2128 3507 2128 3504 2128 3502 2128 3480 2141 3467 2131 3465 2131 3463 2131 3460 2131 3458 2131 3455 2131 3455 2133 3438 2151 3435 2153 3431 2151 3406 2136 3403 2136 3401 2136 3399 2136 3396 2136 3339 2153 3310 2143 3307 2143 3305 2143 3303 2143 3300 2143 3300 2146 3298 2146 3288 2158 3278 2148 3278 2146 3275 2146 3273 2146 3271 2146 3229 2148 3226 2148 3224 2148 3199 2170 3192 2178 3101 2183 3086 2180 3010 2165 3007 2165 3005 2165 2951 2192 2941 2197 2818 2205 2813 2205 2776 2187 2773 2187 2771 2187 2660 2192 2658 2192 2604 2222 2535 2227 2540 2266"/></Shape>
	    <String CONTENT="meditationesque obtulere; sed si pauce sed clarae magneque"
                    HPOS="2535"
                    VPOS="2096"
                    WIDTH="1543"
                    HEIGHT="200"
                    WC="0.9754085109151643"></String>
          </TextLine>

          
          
          <TextLine ID="eSc_line_76dde77d"
                    TAGREFS="LT11324"
                    BASELINE="2537 2345 2687 2325 3263 2283 3689 2232 4228 2197 4526 2192" 
                    HPOS="2532"
                    VPOS="2148"
                    WIDTH="1996"
                    HEIGHT="226">
            <Shape><Polygon POINTS="4472 2163 4447 2160 4422 2158 4395 2155 4371 2153 4346 2151 4344 2148 4223 2148 4221 2148 4218 2148 4130 2170 4098 2158 4095 2158 4093 2158 3928 2170 3925 2170 3896 2187 3878 2175 3876 2175 3874 2175 3871 2175 3699 2187 3556 2219 3475 2212 3472 2212 3470 2212 3467 2212 3448 2229 3433 2229 3342 2237 3335 2237 3236 2227 3234 2227 3231 2227 3167 2249 3125 2234 3123 2234 3120 2234 3118 2234 3022 2261 3015 2261 3005 2261 2933 2256 2931 2256 2781 2278 2756 2281 2751 2281 2712 2269 2709 2269 2707 2269 2704 2269 2655 2288 2650 2291 2532 2296 2537 2345 2537 2374 2618 2374 2621 2374 2628 2372 2687 2347 2746 2357 2749 2357 2751 2357 2754 2357 2776 2340 2820 2355 2823 2355 2825 2355 2847 2355 2933 2352 2936 2352 2938 2352 2943 2347 2978 2328 3064 2318 3103 2338 3106 2338 3108 2338 3111 2338 3113 2338 3123 2335 3214 2310 3332 2318 3335 2318 3337 2318 3389 2293 3472 2310 3482 2310 3485 2310 3487 2310 3495 2308 3586 2278 3797 2278 3797 2276 3800 2276 3802 2276 3822 2261 3915 2271 3918 2271 3920 2271 4019 2246 4100 2264 4102 2264 4105 2264 4107 2264 4110 2264 4164 2246 4196 2256 4198 2256 4201 2256 4203 2256 4206 2256 4331 2222 4398 2239 4400 2239 4403 2239 4528 2232 4526 2192 4496 2168"/></Shape>
	    <String CONTENT="admodum imigines dliversentur, animum occupent aptiores analyti reddemur"
                    HPOS="2532"
                    VPOS="2148"
                    WIDTH="1996"
                    HEIGHT="226"
                    WC="0.981438154147731"></String>
          </TextLine>

          
          
          <TextLine ID="eSc_line_6ed23dc7"
                    TAGREFS="LT11324"
                    BASELINE="2554 2399 3177 2357 3509 2315 3920 2291" 
                    HPOS="2549"
                    VPOS="2242"
                    WIDTH="1371"
                    HEIGHT="196">
            <Shape><Polygon POINTS="2554 2419 2653 2438 2655 2438 2741 2431 2744 2431 2746 2431 2773 2414 2916 2419 2919 2419 2921 2419 2985 2392 3037 2399 3039 2399 3042 2399 3044 2399 3064 2382 3066 2382 3096 2382 3152 2382 3184 2397 3187 2397 3189 2397 3246 2394 3248 2394 3251 2394 3273 2377 3342 2387 3344 2387 3347 2387 3349 2387 3389 2360 3394 2355 3640 2338 3674 2340 3832 2350 3834 2350 3837 2350 3839 2350 3839 2347 3861 2325 3920 2320 3920 2291 3915 2256 3871 2242 3869 2242 3866 2242 3797 2256 3768 2246 3765 2246 3763 2246 3539 2276 3485 2269 3482 2269 3480 2269 3477 2269 3443 2291 3374 2276 3371 2276 3369 2276 3305 2306 3303 2306 3295 2306 3199 2298 3197 2298 3103 2320 3061 2301 3059 2301 3056 2301 3054 2301 3051 2301 3010 2328 3007 2330 2717 2350 2665 2333 2663 2333 2660 2333 2658 2333 2655 2333 2616 2357 2613 2360 2549 2362 2554 2399"/></Shape>
	    <String CONTENT="aptiores analysi reddemur. Cum vero ad Analysin"
                    HPOS="2549"
                    VPOS="2242"
                    WIDTH="1371"
                    HEIGHT="196"
                    WC="0.9596960620677217"></String>
          </TextLine>

          
          
          <TextLine ID="eSc_line_f3bfdfed"
                    TAGREFS="LT11324"
                    BASELINE="2510 2474 3290 2429 3822 2382 4019 2374" 
                    HPOS="2509"
                    VPOS="2328"
                    WIDTH="1510"
                    HEIGHT="192">
            <Shape><Polygon POINTS="3871 2328 3869 2328 3866 2328 3824 2347 3800 2330 3797 2330 3795 2330 3792 2330 3790 2330 3787 2330 3787 2333 3785 2333 3773 2350 3677 2352 3652 2338 3650 2338 3647 2338 3645 2338 3642 2338 3571 2357 3539 2342 3536 2342 3534 2342 3421 2370 3384 2379 3305 2379 3303 2374 3283 2360 3280 2360 3278 2360 3275 2360 3273 2360 3271 2360 3246 2379 3231 2389 3123 2392 3101 2387 3059 2374 3056 2374 3054 2374 2943 2382 2941 2382 2938 2382 2919 2397 2904 2406 2877 2399 2852 2392 2850 2392 2847 2392 2845 2392 2808 2404 2756 2421 2675 2424 2645 2411 2628 2404 2626 2404 2623 2404 2576 2406 2574 2406 2572 2406 2572 2409 2564 2416 2549 2431 2509 2424 2510 2520 2611 2488 2648 2488 2677 2510 2680 2510 2682 2510 2685 2510 2936 2493 2938 2493 2951 2488 2970 2478 2990 2483 3002 2488 3005 2488 3007 2488 3010 2488 3032 2480 3054 2473 3069 2478 3083 2483 3086 2483 3088 2483 3310 2468 3376 2453 3460 2431 3632 2424 3647 2431 3662 2438 3664 2438 3667 2438 3888 2411 3938 2406 3942 2406 3987 2421 3989 2421 3992 2421 3994 2421 3997 2421 4019 2402 4019 2374 4016 2357 4002 2335"/></Shape>
	    <String CONTENT="tantum Methodus anulytica itaque ta voluntate et"
                    HPOS="2509"
                    VPOS="2328"
                    WIDTH="1510"
                    HEIGHT="192"
                    WC="0.9710541895280281"></String>
          </TextLine>

          
          
          <TextLine ID="eSc_line_75242b23"
                    TAGREFS="LT11324"
                    BASELINE="2515 2549 3876 2453" 
                    HPOS="2510"
                    VPOS="2406"
                    WIDTH="1366"
                    HEIGHT="173">
            <Shape><Polygon POINTS="2515 2579 2781 2564 2796 2562 2904 2539 3044 2544 3074 2544 3076 2544 3211 2534 3214 2534 3216 2534 3216 2532 3219 2532 3229 2517 3263 2527 3271 2530 3273 2530 3275 2530 3278 2530 3280 2530 3280 2527 3283 2527 3290 2517 3305 2525 3310 2527 3312 2527 3315 2527 3317 2527 3330 2525 3391 2502 3876 2483 3876 2453 3871 2414 3770 2406 3768 2406 3765 2406 3731 2424 3723 2426 3716 2424 3679 2414 3677 2414 3674 2414 3672 2414 3635 2431 3625 2436 3487 2443 3463 2443 3349 2436 3347 2436 3344 2436 3285 2456 3275 2458 3268 2458 3221 2448 3219 2448 3216 2448 3214 2448 3199 2463 3197 2466 3069 2473 3066 2473 3037 2458 3034 2458 3032 2458 3029 2458 2968 2480 2963 2480 2953 2480 2864 2475 2862 2475 2687 2500 2682 2500 2581 2490 2579 2490 2576 2490 2510 2512 2515 2549"/></Shape>
	    <String CONTENT="autem inv potentia et volunt animi attentione"
                    HPOS="2510"
                    VPOS="2406"
                    WIDTH="1366"
                    HEIGHT="173"
                    WC="0.9949816584587097"></String>
          </TextLine>

          
          
          <TextLine ID="eSc_line_54c53d9f"
                    TAGREFS="LT11324"
                    BASELINE="2517 2613 3118 2559 3842 2512" 
                    HPOS="2512"
                    VPOS="2466"
                    WIDTH="1330"
                    HEIGHT="184">
            <Shape><Polygon POINTS="2520 2650 2554 2638 2658 2640 2682 2640 2685 2640 2687 2640 2695 2638 2751 2613 2847 2623 2879 2626 2882 2626 2931 2616 3047 2591 3152 2594 3155 2594 3246 2576 3266 2586 3283 2594 3285 2594 3288 2594 3396 2574 3426 2569 3440 2569 3524 2576 3526 2576 3529 2576 3531 2576 3531 2574 3534 2574 3544 2559 3549 2554 3568 2557 3632 2569 3635 2569 3842 2532 3842 2512 3832 2468 3782 2480 3763 2473 3743 2466 3741 2466 3738 2466 3632 2483 3556 2498 3549 2490 3539 2483 3539 2480 3536 2480 3534 2480 3531 2480 3335 2495 3332 2495 3298 2512 3290 2515 3283 2512 3241 2502 3239 2502 3236 2502 3234 2502 3165 2522 3155 2525 3150 2525 3115 2515 3113 2515 3111 2515 3108 2515 3081 2530 3071 2534 3051 2532 2975 2522 2973 2522 2970 2522 2889 2547 2874 2549 2847 2549 2732 2547 2729 2547 2512 2576 2517 2613"/></Shape>
	    <String CONTENT="opus sit, quae semper in potestate est consequens"
                    HPOS="2512"
                    VPOS="2466"
                    WIDTH="1330"
                    HEIGHT="184"
                    WC="0.9707180954972092"></String>
          </TextLine>

          
          
          <TextLine ID="eSc_line_533c54ef"
                    TAGREFS="LT11324"
                    BASELINE="2511 2688 2887 2660 3051 2630 3819 2586" 
                    HPOS="2511"
                    VPOS="2537"
                    WIDTH="1308"
                    HEIGHT="186">
            <Shape><Polygon POINTS="2569 2719 2572 2719 2574 2719 2613 2692 2756 2702 2793 2704 2796 2704 2798 2704 2815 2697 2864 2675 2889 2692 2896 2697 2899 2697 2901 2697 2904 2697 3027 2689 3029 2689 3079 2675 3140 2655 3187 2665 3194 2665 3197 2665 3216 2662 3261 2653 3278 2658 3322 2670 3325 2670 3327 2670 3453 2640 3492 2633 3549 2633 3682 2633 3684 2633 3686 2633 3721 2618 3768 2638 3770 2638 3773 2638 3775 2638 3778 2638 3819 2611 3819 2586 3812 2544 3780 2557 3763 2547 3741 2537 3738 2537 3736 2537 3733 2537 3731 2537 3731 2539 3718 2552 3711 2559 3699 2552 3691 2549 3689 2549 3686 2549 3684 2549 3672 2554 3642 2569 3620 2559 3593 2547 3590 2547 3588 2547 3586 2547 3554 2564 3539 2571 3524 2566 3492 2554 3490 2554 3487 2554 3485 2554 3482 2554 3458 2571 3455 2571 3440 2559 3440 2557 3438 2557 3435 2557 3433 2557 3396 2559 3394 2559 3335 2581 3317 2586 3305 2584 3251 2569 3248 2569 3246 2569 3143 2589 3076 2581 3074 2581 3071 2581 3069 2581 3069 2584 3049 2598 2948 2589 2946 2589 2943 2589 2882 2616 2869 2623 2511 2644 2511 2723"/></Shape>
	    <String CONTENT="tt consultum esse, ut usu combinatoriam potius"
                    HPOS="2511"
                    VPOS="2537"
                    WIDTH="1308"
                    HEIGHT="186"
                    WC="0.9854351204374562"></String>
          </TextLine>

          
          
          <TextLine ID="eSc_line_c39c77bb"
                    TAGREFS="LT11324"
                    BASELINE="2520 2761 3556 2665 3891 2645" 
                    HPOS="2515"
                    VPOS="2589"
                    WIDTH="1376"
                    HEIGHT="204">
            <Shape><Polygon POINTS="3792 2603 3785 2611 3768 2606 3738 2598 3736 2598 3733 2598 3731 2598 3674 2613 3600 2608 3598 2608 3595 2608 3551 2626 3534 2633 3524 2630 3492 2618 3490 2618 3487 2618 3485 2618 3482 2618 3482 2621 3480 2621 3470 2635 3465 2640 3266 2658 3253 2655 3216 2643 3214 2643 3211 2643 3209 2643 3207 2643 3207 2645 3204 2645 3194 2660 3189 2665 3155 2667 3147 2665 3113 2653 3111 2653 3108 2653 2960 2682 2936 2687 2928 2685 2884 2672 2882 2672 2879 2672 2754 2702 2741 2704 2732 2704 2633 2694 2631 2694 2628 2694 2626 2694 2591 2717 2591 2719 2515 2724 2520 2761 2520 2783 2616 2793 2618 2793 2621 2793 2623 2793 2623 2790 2640 2773 2645 2773 2695 2778 2697 2778 2768 2761 2776 2761 2791 2773 2793 2773 2796 2773 2798 2773 2800 2773 2872 2753 2904 2768 2906 2768 2909 2768 2911 2768 2997 2741 3000 2741 3012 2753 3015 2753 3017 2753 3019 2753 3022 2753 3024 2753 3047 2736 3049 2736 3056 2736 3098 2744 3101 2744 3103 2744 3162 2726 3167 2726 3170 2726 3209 2741 3211 2741 3214 2741 3216 2741 3219 2741 3243 2721 3347 2729 3349 2729 3566 2692 3568 2692 3590 2707 3593 2707 3595 2707 3598 2707 3600 2707 3640 2687 3667 2699 3669 2699 3672 2699 3846 2685 3849 2685 3891 2662 3891 2645 3886 2596 3817 2589 3814 2589 3812 2589 3810 2589"/></Shape>
	    <String CONTENT="methodo analyticam facultatem quaer amus. Analysin"
                    HPOS="2515"
                    VPOS="2589"
                    WIDTH="1376"
                    HEIGHT="204"
                    WC="0.9834237563610077"></String>
          </TextLine>

          
          
          <TextLine ID="eSc_line_4f7cc171"
                    TAGREFS="LT11324"
                    BASELINE="2552 2832 2850 2793 3780 2721" 
                    HPOS="2547"
                    VPOS="2672"
                    WIDTH="1235"
                    HEIGHT="195">
            <Shape><Polygon POINTS="2554 2867 2633 2845 2682 2852 2685 2852 2687 2852 2736 2827 2786 2847 2788 2847 2791 2847 2793 2847 2796 2847 2796 2845 2820 2820 2887 2813 2978 2808 3032 2827 3034 2827 3037 2827 3039 2827 3125 2800 3147 2817 3150 2817 3152 2817 3155 2817 3157 2817 3219 2798 3303 2805 3305 2805 3307 2805 3310 2805 3344 2776 3426 2771 3482 2790 3485 2790 3487 2790 3490 2790 3576 2761 3613 2773 3615 2773 3618 2773 3620 2773 3622 2773 3654 2753 3689 2773 3691 2773 3694 2773 3782 2766 3780 2721 3775 2682 3731 2672 3728 2672 3726 2672 3694 2687 3684 2692 3677 2689 3637 2675 3635 2675 3632 2675 3630 2675 3627 2675 3603 2694 3586 2680 3583 2680 3581 2680 3578 2680 3539 2682 3536 2682 3534 2682 3495 2704 3492 2707 3482 2707 3391 2694 3389 2694 3386 2694 3335 2719 3327 2721 3317 2721 3246 2707 3243 2707 3241 2707 3197 2731 3194 2731 3192 2731 3145 2717 3143 2717 3140 2717 3000 2726 2997 2726 2938 2753 2936 2756 2874 2758 2813 2761 2788 2746 2786 2746 2783 2746 2781 2746 2778 2746 2700 2773 2697 2773 2643 2756 2640 2756 2638 2756 2636 2756 2633 2756 2604 2781 2604 2783 2547 2785 2552 2832"/></Shape>
	    <String CONTENT="autem esse in potestate ex eo patet quod semper"
                    HPOS="2547"
                    VPOS="2672"
                    WIDTH="1235"
                    HEIGHT="195"
                    WC="0.9879613315805476"></String>
          </TextLine>

          
          
          <TextLine ID="eSc_line_bb1c9902"
                    TAGREFS="LT11324"
                    BASELINE="2537 2889 3115 2835 3768 2788" 
                    HPOS="2532"
                    VPOS="2746"
                    WIDTH="1236"
                    HEIGHT="165">
            <Shape><Polygon POINTS="2537 2911 2874 2899 2877 2899 2879 2899 2891 2889 2906 2879 2946 2886 2960 2886 2963 2886 2987 2881 3059 2867 3088 2874 3101 2879 3103 2879 3106 2879 3108 2879 3130 2872 3177 2857 3307 2859 3352 2859 3354 2859 3357 2859 3376 2854 3418 2842 3438 2849 3443 2852 3445 2852 3448 2852 3450 2852 3460 2847 3509 2830 3549 2840 3551 2840 3554 2840 3556 2840 3558 2840 3578 2827 3650 2832 3652 2832 3654 2832 3657 2832 3677 2817 3768 2825 3768 2788 3763 2751 3650 2746 3647 2746 3645 2746 3615 2761 3534 2756 3531 2756 3529 2756 3495 2773 3492 2773 3408 2766 3406 2766 3403 2766 3317 2788 3312 2788 3305 2788 3167 2785 3165 2785 3162 2785 3160 2785 3160 2788 3157 2788 3147 2803 3111 2805 2953 2815 2926 2805 2923 2805 2921 2805 2919 2805 2864 2825 2859 2825 2845 2825 2712 2822 2709 2822 2532 2849 2537 2889"/></Shape>
	    <String CONTENT="in potestate est, imaginem quam habemu examinare"
                    HPOS="2532"
                    VPOS="2746"
                    WIDTH="1236"
                    HEIGHT="165"
                    WC="0.9755973840753237"></String>
          </TextLine>

          
          
          <TextLine ID="eSc_line_af2938c4"
                    TAGREFS="LT11324"
                    BASELINE="2535 2953 3374 2874 3758 2852" 
                    HPOS="2530"
                    VPOS="2798"
                    WIDTH="1228"
                    HEIGHT="197">
            <Shape><Polygon POINTS="2540 2995 2650 2960 2759 2975 2761 2975 2764 2975 2800 2973 2810 2970 2813 2970 2815 2970 2850 2943 2887 2953 2889 2953 2891 2953 3037 2928 3150 2941 3152 2941 3155 2941 3157 2941 3216 2913 3327 2901 3458 2913 3463 2913 3465 2913 3467 2913 3470 2913 3551 2886 3603 2901 3605 2901 3608 2901 3758 2886 3758 2852 3753 2813 3677 2798 3674 2798 3672 2798 3669 2798 3640 2820 3480 2820 3477 2820 3475 2820 3472 2820 3453 2835 3428 2822 3426 2822 3423 2822 3421 2822 3337 2847 3317 2835 3315 2835 3312 2835 3310 2835 3197 2840 2953 2874 2919 2864 2916 2864 2914 2864 2911 2864 2835 2891 2830 2891 2825 2891 2751 2879 2749 2879 2746 2879 2744 2879 2717 2901 2714 2904 2530 2916 2535 2953"/></Shape>
	    <String CONTENT="per partes; at invenire  aliam imaginem aptam"
                    HPOS="2530"
                    VPOS="2798"
                    WIDTH="1228"
                    HEIGHT="197"
                    WC="0.9676857458220588"></String>
          </TextLine>

          
          
          <TextLine ID="eSc_line_8891723f"
                    TAGREFS="LT11324"
                    BASELINE="2549 3014 3130 2955 3699 2916" 
                    HPOS="2542"
                    VPOS="2872"
                    WIDTH="1157"
                    HEIGHT="172">
            <Shape><Polygon POINTS="2549 3044 2638 3044 2640 3044 2643 3044 2648 3039 2670 3019 2692 3032 2695 3032 2697 3032 2781 3019 2796 3024 2805 3029 2808 3029 2810 3029 2813 3029 2832 3022 2882 3002 2953 3009 2955 3009 2958 3009 2960 3009 3012 2990 3113 2995 3115 2995 3118 2995 3120 2995 3157 2977 3184 2990 3199 2995 3202 2995 3204 2995 3207 2995 3209 2995 3219 2985 3243 2970 3339 2975 3411 2977 3413 2977 3458 2973 3460 2973 3463 2973 3463 2970 3470 2963 3482 2950 3549 2955 3613 2960 3615 2960 3699 2941 3699 2916 3691 2872 3551 2872 3549 2872 3546 2872 3544 2872 3526 2886 3517 2894 3463 2896 3448 2894 3416 2884 3413 2884 3411 2884 3408 2884 3374 2901 3364 2904 3357 2901 3322 2891 3320 2891 3317 2891 3315 2891 3275 2909 3271 2911 3263 2911 3207 2901 3204 2901 3202 2901 3155 2921 3145 2923 3115 2923 2985 2923 2983 2923 2980 2923 2948 2941 2946 2941 2943 2941 2899 2928 2896 2928 2894 2928 2891 2928 2889 2928 2859 2948 2857 2950 2773 2955 2768 2955 2633 2950 2631 2950 2628 2950 2626 2950 2601 2970 2584 2955 2581 2955 2579 2955 2576 2955 2574 2955 2572 2955 2542 2973 2549 3014"/></Shape>
	    <String CONTENT="huic huic praesenti, non est cujusvis. Et qui"
                    HPOS="2542"
                    VPOS="2872"
                    WIDTH="1157"
                    HEIGHT="172"
                    WC="0.9793812341160244"></String>
          </TextLine>

          
          
          <TextLine ID="eSc_line_9d11ffd5"
                    TAGREFS="LT11324"
                    BASELINE="2540 3083 3130 3022 3595 2990 3814 2990" 
                    HPOS="2535"
                    VPOS="2916"
                    WIDTH="1279"
                    HEIGHT="207">
            <Shape><Polygon POINTS="2544 3123 2604 3101 2827 3091 2830 3091 2867 3076 2951 3088 2953 3088 2955 3088 2970 3088 3280 3039 3814 3014 3814 2990 3810 2933 3760 2916 3758 2916 3755 2916 3674 2926 3672 2926 3669 2926 3635 2950 3590 2950 3558 2933 3556 2933 3554 2933 3551 2933 3509 2955 3423 2965 3394 2950 3391 2950 3389 2950 3386 2950 3384 2950 3352 2970 3327 2960 3325 2960 3322 2960 3320 2960 3317 2960 3317 2963 3315 2963 3305 2977 3226 2982 3170 2965 3167 2965 3165 2965 3162 2965 3160 2965 3130 2990 3061 2977 3059 2977 3056 2977 3015 2995 2997 2980 2995 2980 2992 2980 2990 2980 2987 2980 2951 2997 2798 2997 2796 2997 2793 2997 2791 2997 2759 3017 2668 3007 2665 3007 2663 3007 2660 3007 2628 3032 2628 3034 2535 3039 2540 3083"/></Shape>
	    <String CONTENT="Combinatoria facultate pollent similes mihi videntur"
                    HPOS="2535"
                    VPOS="2916"
                    WIDTH="1279"
                    HEIGHT="207"
                    WC="0.9787016316102102"></String>
          </TextLine>

          
          
          <TextLine ID="eSc_line_6c1575f9"
                    TAGREFS="LT11324"
                    BASELINE="2535 3145 3347 3069 3758 3046" 
                    HPOS="2530"
                    VPOS="2995"
                    WIDTH="1228"
                    HEIGHT="177">
            <Shape><Polygon POINTS="2535 3172 2736 3169 2739 3169 2741 3169 2759 3157 2776 3142 2813 3152 2850 3160 2852 3160 2855 3160 2882 3145 2911 3130 2951 3140 2963 3142 2965 3142 2968 3142 3007 3135 3093 3115 3115 3125 3135 3135 3138 3135 3140 3135 3143 3135 3187 3120 3234 3101 3303 3098 3332 3105 3359 3115 3362 3115 3364 3115 3367 3115 3369 3115 3386 3101 3396 3096 3423 3098 3482 3105 3485 3105 3539 3101 3541 3101 3544 3101 3563 3086 3583 3073 3758 3069 3758 3046 3750 3002 3684 3007 3682 3007 3669 2995 3667 2995 3664 2995 3662 2995 3659 2995 3627 3012 3610 2997 3608 2997 3605 2997 3603 2997 3497 3022 3490 3024 3485 3024 3435 3012 3433 3012 3431 3012 3428 3012 3426 3012 3401 3032 3399 3032 3396 3032 3317 3022 3315 3022 3312 3022 3258 3044 3256 3044 3253 3044 3207 3032 3204 3032 3202 3032 3199 3032 3197 3032 3170 3051 3165 3051 3106 3044 3103 3044 3101 3044 3071 3059 3056 3046 3054 3046 3051 3046 3049 3046 2948 3071 2943 3071 2938 3071 2889 3059 2887 3059 2884 3059 2768 3081 2714 3073 2712 3073 2530 3105 2535 3145"/></Shape>
	    <String CONTENT="Drebelio illi, quem ajunt inter deambulandum"
                    HPOS="2530"
                    VPOS="2995"
                    WIDTH="1228"
                    HEIGHT="177"
                    WC="0.9755773679776625"></String>
          </TextLine>

          
          
          <TextLine ID="eSc_line_e95b45d2"
                    TAGREFS="LT11324"
                    BASELINE="2527 3206 3465 3128 3888 3101" 
                    HPOS="2522"
                    VPOS="3034"
                    WIDTH="1366"
                    HEIGHT="222">
            <Shape><Polygon POINTS="3733 3049 3728 3056 3721 3049 3699 3051 3664 3066 3613 3059 3588 3056 3586 3056 3583 3056 3581 3056 3573 3064 3551 3081 3514 3069 3499 3064 3497 3064 3495 3064 3492 3064 3490 3064 3480 3071 3465 3086 3431 3076 3426 3076 3423 3076 3421 3076 3418 3076 3411 3078 3371 3098 3330 3086 3307 3081 3305 3081 3303 3081 3229 3086 3226 3086 3224 3086 3224 3088 3221 3088 3214 3098 3211 3103 3197 3101 3175 3096 3172 3096 3170 3096 3152 3103 3128 3118 3115 3108 3106 3098 3103 3098 3101 3098 3098 3098 3096 3098 3093 3098 3071 3113 3054 3123 3039 3115 3019 3105 3017 3105 3015 3105 3012 3105 2965 3120 2919 3110 2916 3110 2914 3110 2869 3132 2852 3140 2840 3135 2827 3130 2825 3130 2823 3130 2820 3130 2800 3137 2783 3147 2522 3164 2527 3206 2535 3256 2567 3233 2584 3248 2584 3251 2586 3251 2589 3251 2591 3251 2594 3251 2596 3251 2596 3248 2626 3224 2665 3221 2704 3231 2707 3231 2709 3231 2805 3209 2823 3224 2825 3224 2827 3224 2830 3224 2832 3224 2869 3204 2894 3219 2896 3221 2899 3221 2901 3221 2904 3221 2990 3219 2992 3219 3017 3206 3051 3192 3081 3201 3108 3209 3111 3209 3113 3209 3115 3209 3143 3194 3172 3179 3192 3189 3209 3199 3211 3199 3214 3199 3256 3196 3258 3196 3261 3196 3261 3194 3273 3182 3280 3172 3295 3179 3320 3192 3322 3192 3325 3192 3327 3192 3330 3192 3330 3189 3347 3174 3357 3164 3371 3172 3379 3174 3381 3174 3384 3174 3418 3167 3445 3162 3450 3164 3470 3179 3472 3179 3475 3179 3477 3179 3568 3172 3571 3172 3625 3147 3637 3142 3647 3145 3674 3152 3677 3152 3679 3152 3682 3152 3684 3152 3684 3150 3686 3150 3694 3140 3696 3135 3748 3135 3782 3135 3822 3147 3824 3147 3827 3147 3829 3147 3888 3120 3888 3101 3881 3034 3748 3041 3748 3049"/></Shape>
	    <String CONTENT="per urbem reperisse lapidis ir agmentum , quod sustulerit"
                    HPOS="2522"
                    VPOS="3034"
                    WIDTH="1366"
                    HEIGHT="222"
                    WC="0.8699643980515631"></String>
          </TextLine>

          
          
          <TextLine ID="eSc_line_11ccbdfb"
                    TAGREFS="LT11324"
                    BASELINE="2535 3270 3394 3199 3849 3174" 
                    HPOS="2530"
                    VPOS="3118"
                    WIDTH="1319"
                    HEIGHT="192">
            <Shape><Polygon POINTS="2535 3292 2562 3310 2564 3310 2567 3310 2569 3310 2572 3310 2606 3297 2628 3307 2631 3307 2633 3307 2938 3263 2943 3263 3047 3275 3049 3275 3051 3275 3054 3275 3079 3253 3088 3246 3128 3251 3165 3256 3167 3256 3216 3246 3288 3231 3445 3231 3465 3231 3467 3231 3470 3231 3472 3231 3502 3214 3529 3226 3534 3228 3536 3228 3539 3228 3610 3226 3613 3226 3622 3221 3652 3206 3846 3206 3849 3174 3844 3130 3785 3118 3782 3118 3780 3118 3709 3140 3701 3142 3696 3140 3659 3128 3657 3128 3654 3128 3652 3128 3650 3128 3650 3130 3647 3130 3635 3145 3586 3150 3495 3160 3490 3157 3470 3145 3467 3145 3465 3145 3463 3145 3460 3145 3458 3145 3458 3147 3455 3147 3448 3157 3273 3157 3271 3157 3268 3157 3266 3157 3236 3179 3234 3179 3231 3179 3197 3164 3194 3164 3192 3164 3108 3169 3106 3169 3103 3169 3066 3192 3064 3192 3061 3192 2951 3189 2948 3189 2946 3189 2887 3206 2884 3206 2835 3196 2832 3196 2830 3196 2827 3196 2827 3199 2825 3199 2815 3211 2778 3204 2776 3204 2773 3204 2771 3204 2754 3216 2663 3204 2660 3204 2658 3204 2655 3204 2623 3228 2589 3228 2574 3216 2574 3214 2572 3214 2569 3214 2567 3214 2564 3214 2530 3231 2535 3270"/></Shape>
	    <String CONTENT="cumque postridie rursus deambulantem animadvertisse"
                    HPOS="2530"
                    VPOS="3118"
                    WIDTH="1319"
                    HEIGHT="192"
                    WC="0.9878739551001904"></String>
          </TextLine>

          
          
          <TextLine ID="eSc_line_3753dad4"
                    TAGREFS="LT11324"
                    BASELINE="2554 3342 3273 3268 3864 3233" 
                    HPOS="2549"
                    VPOS="3187"
                    WIDTH="1315"
                    HEIGHT="189">
            <Shape><Polygon POINTS="2557 3376 2761 3364 2764 3364 2783 3359 2832 3344 2943 3344 2987 3344 2990 3344 2992 3344 2995 3344 3002 3339 3047 3312 3108 3305 3280 3292 3330 3305 3332 3305 3335 3305 3337 3305 3339 3305 3339 3302 3349 3295 3362 3307 3364 3307 3367 3307 3369 3307 3371 3307 3440 3285 3475 3300 3482 3302 3485 3302 3487 3302 3490 3302 3504 3297 3576 3268 3674 3280 3677 3280 3679 3280 3682 3280 3682 3278 3701 3260 3750 3275 3758 3278 3760 3278 3763 3278 3864 3265 3864 3233 3859 3192 3716 3187 3714 3187 3711 3187 3622 3209 3519 3204 3517 3204 3514 3204 3480 3221 3480 3224 3472 3224 3290 3224 3288 3224 3285 3224 3246 3241 3194 3231 3192 3231 3079 3256 3071 3256 3061 3256 2931 3253 2928 3253 2842 3260 2840 3260 2837 3260 2813 3278 2810 3278 2798 3278 2670 3275 2668 3275 2665 3275 2663 3275 2640 3292 2638 3292 2633 3292 2589 3283 2586 3283 2584 3283 2549 3297 2554 3342"/></Shape>
	    <String CONTENT="faramen obternsse hiatum observasse, qui lapide"
                    HPOS="2549"
                    VPOS="3187"
                    WIDTH="1315"
                    HEIGHT="189"
                    WC="0.9668635199678705"></String>
          </TextLine>

          
          
          <TextLine ID="eSc_line_58e0e3b1"
                    TAGREFS="LT11324"
                    BASELINE="2525 3388 2766 3384 3224 3337 3802 3300" 
                    HPOS="2520"
                    VPOS="3251"
                    WIDTH="1282"
                    HEIGHT="162">
            <Shape><Polygon POINTS="2525 3413 3802 3327 3802 3300 3797 3265 3691 3251 3689 3251 3686 3251 3593 3278 3588 3280 3583 3280 3529 3263 3526 3263 3524 3263 3522 3263 3519 3263 3487 3288 3482 3288 3472 3288 3354 3275 3352 3275 3160 3290 3157 3290 3155 3290 3155 3292 3152 3292 3143 3305 3083 3295 3081 3295 3079 3295 3076 3295 3042 3317 3039 3320 3037 3320 3010 3310 3007 3310 3005 3310 2919 3327 2916 3327 2914 3327 2899 3312 2896 3312 2894 3312 2891 3312 2889 3312 2887 3312 2857 3332 2520 3354 2525 3388"/></Shape>
	    <String CONTENT="fraumine ille exacte claudebatur, ut alterum"
                    HPOS="2520"
                    VPOS="3251"
                    WIDTH="1282"
                    HEIGHT="162"
                    WC="0.9965216558087956"></String>
          </TextLine>

          
          
          <TextLine ID="eSc_line_ccebca7e"
                    TAGREFS="LT11324"
                    BASELINE="2544 3445 2690 3445 3423 3379 4107 3334 4838 3305" 
                    HPOS="2540"
                    VPOS="3258"
                    WIDTH="2298"
                    HEIGHT="226">
            <Shape><Polygon POINTS="4774 3258 4750 3258 4725 3260 4701 3260 4686 3260 4644 3273 4641 3273 4518 3270 4516 3270 4326 3292 4285 3280 4282 3280 4280 3280 4277 3280 4275 3280 4248 3297 4159 3278 4157 3278 4154 3278 4152 3278 4102 3307 4100 3307 3999 3292 3997 3292 3994 3292 3952 3315 3886 3295 3883 3295 3881 3295 3792 3300 3792 3302 3768 3302 3743 3305 3718 3307 3694 3307 3669 3310 3645 3312 3642 3312 3600 3329 3403 3327 3401 3327 3399 3327 3303 3356 3293 3359 3278 3359 3175 3352 3172 3352 3170 3352 3167 3352 3143 3366 3138 3371 3081 3371 2872 3374 2859 3376 2835 3379 2810 3381 2786 3384 2778 3391 2771 3393 2746 3391 2675 3386 2672 3386 2540 3403 2544 3445 2544 3462 2604 3484 2606 3484 2608 3484 2700 3482 2702 3482 2704 3482 2744 3457 2852 3450 2921 3467 2923 3467 2926 3467 2928 3467 2931 3467 2970 3438 2975 3435 2990 3435 3083 3445 3086 3445 3111 3445 3135 3443 3160 3443 3182 3443 3226 3423 3236 3418 3283 3418 3371 3420 3374 3420 3376 3420 3379 3420 3389 3413 3396 3406 3654 3391 3672 3396 3704 3406 3706 3406 3709 3406 3711 3406 3750 3391 3770 3384 3792 3388 3859 3401 3871 3401 3896 3401 3920 3401 3945 3398 3947 3398 3992 3393 3994 3393 3997 3393 4024 3374 4036 3366 4075 3371 4186 3386 4189 3386 4191 3386 4265 3359 4285 3354 4309 3356 4413 3371 4415 3371 4762 3349 4765 3349 4838 3324 4838 3305 4833 3263 4811 3258 4799 3258"/></Shape>
	    <String CONTENT="alteri debitum videretur, lojoque completo  niil emineret ac neque emineret aliquid neque deesset"
                    HPOS="2540"
                    VPOS="3258"
                    WIDTH="2298"
                    HEIGHT="226"
                    WC="0.939909547874608"></String>
          </TextLine>

          
          
          <TextLine ID="eSc_line_d7426e95"
                    TAGREFS="LT11324"
                    BASELINE="2515 3499 2687 3489" 
                    HPOS="2515"
                    VPOS="3452"
                    WIDTH="172"
                    HEIGHT="104">
            <Shape><Polygon POINTS="2685 3556 2687 3489 2682 3462 2552 3452 2549 3452 2547 3452 2515 3463 2515 3530"/></Shape>
	    <String CONTENT="utraque"
                    HPOS="2515"
                    VPOS="3452"
                    WIDTH="172"
                    HEIGHT="104"
                    WC="0.9339464988027301"></String>
          </TextLine>

          
          
          <TextLine ID="eSc_line_538d2cf8"
                    TAGREFS="LT11324"
                    BASELINE="3032 3450 3295 3443 3590 3416 4474 3384" 
                    HPOS="3029"
                    VPOS="3342"
                    WIDTH="1445"
                    HEIGHT="145">
            <Shape><Polygon POINTS="3396 3381 3391 3381 3391 3384 3381 3391 3374 3398 3330 3393 3305 3388 3300 3391 3275 3393 3251 3396 3239 3396 3207 3406 3135 3403 3128 3406 3103 3408 3079 3411 3054 3413 3029 3413 3032 3450 3032 3477 3076 3487 3081 3487 3098 3487 3115 3475 3120 3475 3177 3484 3179 3484 3184 3482 3199 3472 3204 3470 3221 3470 3330 3480 3332 3480 3335 3480 3369 3465 3381 3460 3399 3465 3450 3475 3453 3475 3455 3475 3458 3475 3458 3472 3470 3460 3475 3455 3576 3445 3721 3443 3731 3450 3736 3455 3738 3455 3741 3455 3743 3455 3746 3455 3748 3455 3748 3452 3750 3452 3753 3450 3760 3440 3888 3445 3930 3445 3933 3445 3935 3445 3938 3445 3940 3443 3950 3433 3974 3440 3987 3445 3989 3445 3992 3445 3994 3445 3997 3445 3997 3443 3999 3443 3999 3440 4009 3428 4056 3428 4068 3438 4070 3440 4073 3440 4075 3440 4078 3440 4098 3435 4137 3428 4174 3433 4235 3443 4238 3443 4474 3420 4474 3384 4472 3356 4358 3342 4356 3342 4307 3344 4304 3344 4302 3344 4302 3347 4299 3347 4287 3361 4282 3361 4186 3349 4184 3349 4181 3349 4179 3349 4179 3352 4164 3366 4162 3366 4147 3366 4019 3356 4016 3356 4014 3356 4011 3356 3989 3371 3987 3371 3977 3371 3881 3364 3878 3364 3876 3364 3874 3364 3856 3376 3851 3379 3829 3376 3758 3366 3755 3366 3753 3366 3714 3381 3706 3381 3677 3381 3529 3376 3526 3376 3524 3376 3482 3388 3450 3396 3426 3388 3401 3381 3399 3381"/></Shape>
	    <String CONTENT="miendi ratio  Methodum suam habet, ut mox dicam"
                    HPOS="3029"
                    VPOS="3342"
                    WIDTH="1445"
                    HEIGHT="145"
                    WC="0.9847365846025183"></String>
          </TextLine>

          
          
          <TextLine ID="eSc_line_299248d4"
                    TAGREFS="LT11324"
                    BASELINE="2736 3514 2955 3494 3263 3484" 
                    HPOS="2732"
                    VPOS="3440"
                    WIDTH="531"
                    HEIGHT="101">
            <Shape><Polygon POINTS="3175 3448 3150 3448 3140 3448 3135 3450 3108 3460 2931 3465 2906 3450 2896 3440 2894 3440 2891 3440 2889 3440 2732 3448 2736 3514 2739 3541 2874 3504 3019 3499 3044 3514 3056 3521 3059 3521 3061 3521 3064 3521 3066 3521 3069 3521 3083 3509 3088 3507 3098 3509 3162 3521 3165 3521 3167 3521 3263 3492 3263 3484 3256 3450 3211 3450 3209 3450 3204 3445 3199 3448"/></Shape>
	    <String CONTENT="gare nen anm"
                    HPOS="2732"
                    VPOS="3440"
                    WIDTH="531"
                    HEIGHT="101"
                    WC="0.9477331389983495"></String>
          </TextLine>

          
          
          <TextLine ID="eSc_line_c0a24982"
                    TAGREFS="LT11324"
                    BASELINE="3332 3487 3662 3467" 
                    HPOS="3327"
                    VPOS="3433"
                    WIDTH="335"
                    HEIGHT="81">
            <Shape><Polygon POINTS="3332 3502 3369 3514 3371 3514 3374 3514 3376 3514 3406 3499 3413 3494 3659 3492 3662 3467 3657 3433 3492 3433 3490 3433 3472 3435 3403 3450 3327 3440 3332 3487"/></Shape>
	    <String CONTENT="in universtum"
                    HPOS="3327"
                    VPOS="3433"
                    WIDTH="335"
                    HEIGHT="81"
                    WC="0.9952096205491286"></String>
          </TextLine>

          
          
          <TextLine ID="eSc_line_0fb80a3a"
                    TAGREFS="LT11324"
                    BASELINE="2764 3578 3059 3551 3480 3534 3684 3509" 
                    HPOS="2759"
                    VPOS="3465"
                    WIDTH="927"
                    HEIGHT="157">
            <Shape><Polygon POINTS="3568 3475 3546 3475 3529 3477 3394 3497 3352 3492 3283 3482 3280 3482 3278 3482 3197 3504 3167 3512 3152 3509 3101 3494 3098 3494 3096 3494 2943 3504 2941 3504 2938 3504 2938 3507 2936 3507 2926 3521 2867 3514 2864 3514 2862 3514 2859 3514 2832 3534 2781 3526 2778 3526 2776 3526 2773 3526 2759 3534 2764 3578 2766 3622 2914 3590 3002 3588 3049 3600 3056 3603 3059 3603 3061 3603 3064 3603 3076 3598 3106 3588 3125 3595 3133 3598 3135 3598 3138 3598 3140 3598 3143 3598 3150 3593 3182 3573 3342 3566 3394 3573 3431 3578 3433 3578 3686 3548 3684 3509 3672 3465 3647 3480 3598 3472 3593 3472"/></Shape>
	    <String CONTENT="Methodus inveniendi q cindige"
                    HPOS="2759"
                    VPOS="3465"
                    WIDTH="927"
                    HEIGHT="157"
                    WC="0.9493792426997217"></String>
          </TextLine>

          
          
          <TextLine ID="eSc_line_b51221d9"
                    TAGREFS="LT11324"
                    BASELINE="2535 3654 3716 3588" 
                    HPOS="2530"
                    VPOS="3536"
                    WIDTH="1186"
                    HEIGHT="172">
            <Shape><Polygon POINTS="2535 3684 2572 3684 2604 3708 2606 3708 2608 3708 2611 3708 2613 3708 2675 3674 2677 3674 2736 3701 2739 3701 2741 3701 2975 3689 2978 3689 3059 3662 3079 3679 3079 3681 3081 3681 3083 3681 3086 3681 3130 3679 3133 3679 3135 3679 3172 3647 3189 3647 3239 3647 3298 3669 3300 3669 3303 3669 3305 3669 3307 3669 3307 3667 3339 3637 3339 3635 3440 3632 3453 3632 3490 3659 3492 3659 3495 3659 3497 3659 3499 3659 3502 3659 3544 3625 3546 3622 3608 3622 3610 3622 3630 3639 3632 3639 3635 3639 3637 3639 3640 3639 3642 3639 3672 3617 3677 3617 3716 3617 3716 3588 3706 3536 3620 3558 3549 3544 3536 3544 3534 3544 3531 3544 3529 3544 3529 3546 3526 3546 3512 3566 3448 3568 3381 3553 3371 3553 3369 3553 3273 3558 3271 3558 3263 3561 3224 3583 3039 3590 3019 3575 3017 3573 3015 3573 3012 3573 3010 3573 2975 3578 2830 3603 2800 3590 2798 3590 2796 3590 2793 3590 2791 3590 2768 3607 2660 3612 2616 3598 2611 3598 2608 3598 2606 3598 2530 3603 2535 3654"/></Shape>
	    <String CONTENT="aliquo cogitandi filo, qu reg id est regula"
                    HPOS="2530"
                    VPOS="3536"
                    WIDTH="1186"
                    HEIGHT="172"
                    WC="0.9539864257324574"></String>
          </TextLine>

          
          
          <TextLine ID="eSc_line_ba7dcc3b"
                    TAGREFS="LT11324"
                    BASELINE="2525 3738 3310 3674 3999 3637" 
                    HPOS="2520"
                    VPOS="3589"
                    WIDTH="1481"
                    HEIGHT="193">
            <Shape><Polygon POINTS="3955 3595 3881 3603 3876 3600 3872 3597 3836 3598 3832 3589 3792 3590 3790 3590 3733 3610 3714 3615 3699 3610 3667 3600 3664 3600 3662 3600 3659 3600 3657 3600 3657 3603 3642 3615 3637 3620 3625 3617 3588 3605 3586 3605 3583 3605 3581 3605 3578 3605 3578 3607 3576 3607 3566 3620 3558 3620 3440 3615 3438 3615 3435 3615 3433 3615 3408 3630 3394 3639 3295 3642 3288 3639 3266 3627 3263 3627 3261 3627 3258 3627 3256 3627 3256 3630 3253 3630 3243 3642 3241 3644 3239 3642 3216 3632 3214 3632 3211 3632 3101 3639 3098 3639 3096 3639 3096 3642 3086 3652 3079 3662 2729 3684 2692 3679 2658 3674 2655 3674 2653 3674 2638 3681 2623 3691 2611 3684 2591 3674 2589 3674 2586 3674 2520 3689 2525 3738 2530 3782 2638 3755 2675 3775 2690 3782 2692 3782 2695 3782 2697 3782 2700 3782 2714 3772 2736 3758 2771 3767 2793 3775 2796 3775 2798 3775 2800 3775 2803 3775 2815 3765 2840 3748 2919 3735 2962 3754 3010 3747 3010 3747 3037 3733 3060 3744 3102 3742 3138 3721 3231 3726 3234 3726 3315 3708 3349 3723 3352 3723 3354 3723 3357 3723 3359 3723 3386 3703 3448 3713 3450 3713 3558 3691 3618 3694 3645 3713 3645 3715 3705 3712 3993 3692 4001 3679 3999 3637 3992 3603 3970 3600"/></Shape>
	    <String CONTENT="secundum quam a cogitatione una ad aliam transeundum esse"
                    HPOS="2520"
                    VPOS="3589"
                    WIDTH="1481"
                    HEIGHT="193"
                    WC="0.9945319451783833"></String>
          </TextLine>

          
          
          <TextLine ID="eSc_line_396ae9e1"
                    TAGREFS="LT11324"
                    BASELINE="2540 3802 2909 3782" 
                    HPOS="2535"
                    VPOS="3743"
                    WIDTH="375"
                    HEIGHT="92">
            <Shape><Polygon POINTS="2540 3827 2693 3830 2695 3829 2696 3830 2732 3831 2739 3824 2761 3832 2896 3835 2899 3835 2910 3814 2909 3782 2901 3743 2535 3755 2540 3802"/></Shape>
	    <String CONTENT="admoneamur."
                    HPOS="2535"
                    VPOS="3743"
                    WIDTH="375"
                    HEIGHT="92"
                    WC="0.9798642776229165"></String>
          </TextLine>

          
        </TextBlock>
        
        <TextBlock HPOS="0"
                   VPOS="4068"
                   WIDTH="4925"
                   HEIGHT="362"
                   ID="r6"
                   TAGREFS="BT16577">
          <Shape><Polygon POINTS="0 4068 4925 4068 4925 4430 0 4430"/></Shape>
          
          
          <TextLine ID="eSc_line_e40aa01b"
                    TAGREFS="LT11324"
                    BASELINE="369 4240 1210 4235" 
                    HPOS="366"
                    VPOS="4201"
                    WIDTH="844"
                    HEIGHT="69">
            <Shape><Polygon POINTS="369 4270 1208 4270 1210 4235 1203 4201 366 4203 369 4240"/></Shape>
	    <String CONTENT="COFTFRED UILHIEIM LEIBNIZ BIBLIOTHIER"
                    HPOS="366"
                    VPOS="4201"
                    WIDTH="844"
                    HEIGHT="69"
                    WC="0.9682314089826636"></String>
          </TextLine>

          
          
          <TextLine ID="eSc_line_8c39410d"
                    TAGREFS="LT11324"
                    BASELINE="4309 4247 4728 4240" 
                    HPOS="4307"
                    VPOS="4208"
                    WIDTH="421"
                    HEIGHT="62">
            <Shape><Polygon POINTS="4309 4270 4725 4265 4728 4240 4720 4208 4307 4213 4309 4247"/></Shape>
	    <String CONTENT="Sionatur: LH 3S, 1. 21. (11)-S1"
                    HPOS="4307"
                    VPOS="4208"
                    WIDTH="421"
                    HEIGHT="62"
                    WC="0.9210718725958178"></String>
          </TextLine>

          
          
          <TextLine ID="eSc_line_66271535"
                    TAGREFS="LT11324"
                    BASELINE="356 4311 1210 4306" 
                    HPOS="354"
                    VPOS="4277"
                    WIDTH="856"
                    HEIGHT="66">
            <Shape><Polygon POINTS="356 4338 1206 4343 1210 4306 1203 4277 354 4279 356 4311"/></Shape>
	    <String CONTENT="NIEDERSACHSISCHE LANDESBIBLIOTHER"
                    HPOS="354"
                    VPOS="4277"
                    WIDTH="856"
                    HEIGHT="66"
                    WC="0.985509662917166"></String>
          </TextLine>

          
        </TextBlock>
        
        <TextBlock HPOS="3894"
                   VPOS="2759"
                   WIDTH="312"
                   HEIGHT="135"
                   ID="r3"
                   TAGREFS="BT16575">
          <Shape><Polygon POINTS="3920 2776 3894 2870 3962 2894 4057 2869 4188 2858 4206 2792 4198 2769 4096 2759"/></Shape>
          
          
          <TextLine ID="eSc_line_81c6da13"
                    TAGREFS="LT11324"
                    BASELINE="3908 2825 4191 2808" 
                    HPOS="3908"
                    VPOS="2775"
                    WIDTH="284"
                    HEIGHT="119">
            <Shape><Polygon POINTS="4152 2783 4127 2781 4102 2781 4078 2778 4051 2778 4026 2776 4002 2776 3977 2781 3955 2788 3930 2798 3925 2775 3920 2776 3908 2821 3908 2825 3911 2876 3962 2894 4057 2869 4188 2858 4192 2843 4191 2808 4179 2783 4176 2783"/></Shape>
	    <String CONTENT="+forinsecas"
                    HPOS="3908"
                    VPOS="2775"
                    WIDTH="284"
                    HEIGHT="119"
                    WC="0.9820340980182994"></String>
          </TextLine>

          
        </TextBlock>
        
        <TextBlock HPOS="3953"
                   VPOS="2922"
                   WIDTH="838"
                   HEIGHT="225"
                   ID="r4"
                   TAGREFS="BT16575">
          <Shape><Polygon POINTS="3953 3083 3953 3093 4037 3145 4064 3147 4443 3107 4789 3054 4791 2981 4770 2945 4688 2922 4537 2936 4102 3013 3954 3030"/></Shape>
          
          
          <TextLine ID="eSc_line_e6dd16be"
                    TAGREFS="LT11324"
                    BASELINE="4531 2968 4765 2953" 
                    HPOS="4528"
                    VPOS="2926"
                    WIDTH="239"
                    HEIGHT="86">
            <Shape><Polygon POINTS="4725 2933 4701 2931 4676 2928 4651 2926 4648 2926 4596 2931 4577 2938 4553 2945 4552 2935 4537 2936 4528 2938 4531 2968 4531 3000 4565 3012 4568 3012 4570 3012 4573 3012 4575 3012 4587 3002 4607 2987 4683 2985 4710 3005 4713 3007 4715 3007 4718 3007 4720 3007 4767 3005 4765 2953 4762 2943 4733 2935"/></Shape>
	    <String CONTENT="nitidiorus"
                    HPOS="4528"
                    VPOS="2926"
                    WIDTH="239"
                    HEIGHT="86"
                    WC="0.9797804474830627"></String>
          </TextLine>

          
          
          <TextLine ID="eSc_line_c166be92"
                    TAGREFS="LT11324"
                    BASELINE="3953 3070 4162 3051 4713 3032" 
                    HPOS="3953"
                    VPOS="2987"
                    WIDTH="760"
                    HEIGHT="126">
            <Shape><Polygon POINTS="4678 3000 4654 2997 4649 2992 4563 2987 4555 3002 4531 3002 4506 3002 4481 3002 4467 3002 4442 3007 4437 3007 4435 3007 4427 3005 4408 3005 4383 3005 4358 3005 4334 3005 4309 3007 4285 3007 4260 3007 4235 3007 4211 3007 4186 3009 4181 3009 4174 3017 4139 3009 4137 3009 4125 3009 4102 3013 4064 3017 4041 3022 4016 3027 3992 3032 3967 3039 3966 3029 3954 3030 3953 3083 3953 3093 3985 3113 4053 3113 4056 3113 4058 3113 4066 3108 4090 3091 4139 3101 4142 3101 4144 3101 4147 3101 4176 3081 4260 3093 4321 3101 4324 3101 4491 3093 4494 3093 4496 3093 4521 3073 4713 3056 4713 3032 4708 3000 4703 3000"/></Shape>
	    <String CONTENT="qualibus platea  pars altior"
                    HPOS="3953"
                    VPOS="2987"
                    WIDTH="760"
                    HEIGHT="126"
                    WC="0.9278572457177299"></String>
          </TextLine>

          
          
          <TextLine ID="eSc_line_1444258d"
                    TAGREFS="LT11324"
                    BASELINE="4041 3125 4230 3108" 
                    HPOS="4038"
                    VPOS="3066"
                    WIDTH="192"
                    HEIGHT="76">
            <Shape><Polygon POINTS="4041 3125 4041 3142 4135 3140 4230 3129 4230 3108 4223 3066 4046 3088 4038 3108"/></Shape>
	    <String CONTENT="sternitur"
                    HPOS="4038"
                    VPOS="3066"
                    WIDTH="192"
                    HEIGHT="76"
                    WC="0.9785559508535597"></String>
          </TextLine>

          
        </TextBlock>
        
        <TextBlock HPOS="4607"
                   VPOS="3660"
                   WIDTH="125"
                   HEIGHT="193"
                   ID="r5"
                   TAGREFS="BT16581">
          <Shape><Polygon POINTS="4636 3660 4607 3853 4729 3841 4732 3661"/></Shape>
          
          
          <TextLine ID="eSc_line_2c8d26e8"
                    TAGREFS="LT11324"
                    BASELINE="4649 3782 4678 3777" 
                    HPOS="4632"
                    VPOS="3660"
                    WIDTH="51"
                    HEIGHT="169">
            <Shape><Polygon POINTS="4656 3829 4683 3824 4678 3777 4655 3660 4636 3660 4632 3687 4649 3782"/></Shape>
	    <String CONTENT=""
                    HPOS="4632"
                    VPOS="3660"
                    WIDTH="51"
                    HEIGHT="169"></String>
          </TextLine>

          
        </TextBlock>
        
        <TextBlock HPOS="530"
                   VPOS="714"
                   WIDTH="167"
                   HEIGHT="178"
                   ID="r2"
                   TAGREFS="BT27326">
          <Shape><Polygon POINTS="538 734 530 892 690 873 697 714"/></Shape>
          
        </TextBlock>
        

        
      </PrintSpace>
    </Page>
  </Layout>
</alto>
