4235 3035
1156 352 945 93 Si circulisefecent ab, in plenivus quam duoba punctis

1214 399 934 86 C et 3 a platet se habere C ad A ut B, ut D ad A et B

1179 445 728 70 sit jam tertiu punctum id calet utique in

2045 480 59 54 pre

1179 480 821 78 CCDF. quid si eodem modo haberet ad pt ad

1016 515 1100 95 un uc reratonis seu caderit in recta AB contra hyp non

1023 553 1120 97 Eet D non cadentin rectum ut deset se habere ut opsa siu

1023 593 1120 110 non eodem modo se hatet ad C ut ad B nec poternt estet moda hab

1052 632 1030 101 eodem modo salobit si ab eadem part duoi puncta

981 674 988 98 dun rodo se enfert d rectu duo puncta eo

1005 708 873 99 clus secat recto  enim ab utiaque ejus parte

1425 723 625 93 et est n lo utidqus ergo

786 797 591 96 circumfeentia exfrema sectionis us

1013 858 1073 136 eipae quod ab uno est circulo non esse contiamu

1032 950 440 83 idabatio termu

957 1053 1100 112 ut argt circuli in eo loco circumferentret

978 1106 1101 145 confinis sunt, sed hoc non fit nisi in duobus punctia

1332 1222 185 57 rotam se

844 1267 304 73 tiam segenti dem

1740 1273 309 65 unicoram non

996 1294 356 78 o Absolut

1025 1374 398 86 idendo limitationem

1371 1451 679 132 duatum sphaerarum circodum

966 1520 378 107 puncti contactus

961 1557 1094 162 ad centra coningit autem c punctu esse in eodem

1420 1643 173 58 per centra

1644 1613 418 96 ut et puncta contacti

1236 1724 297 56 sed sti congrum

963 1741 227 81 circuloru

963 1714 1064 161 Recta semicirculum iscant, si percendim transit

1173 1788 909 113 centro K abl intervalo A ab uno latere

1162 1837 898 108 rectae describatur portio circuli ADB. idem frat

1170 1883 931 115 fict ut altem purte E, congruent portiones inter

1194 1927 909 109 sC. Eaedem et cirmenus bsolvent, quia quae

963 1969 1092 115 libut ponia  lia habit panita contio aequo distantica

993 2004 1020 120 quae sunt a sua pucte hypothesi. sic ergo doc

934 2043 1145 115 tint ratio. matio. Designentur omnia puncta circuli ab una

936 2092 1118 113 snde recta. Fiet idem ab altem parte. Hatemus omnin puncta

928 2136 1009 114 circuli, et qa utrique ex detrectae congruent inter se

988 2177 1088 105 ocd _ Recta ex datis extremis positione determina est

942 2217 1145 113 ergo et magnitudine. Recta linearas inter duo puncta

1017 2267 693 83 simplicsima est, minima est

1167 332 369 64 nanr

1045 765 370 74 lau quo cinese

1420 757 671 86 n segineati cors iucta ralaG id est

966 787 1143 120 constat aperi ugu et arcu eterius circuli, ergo non nisi duo punct

969 827 1081 133 quibus sibi occorrunt, nsi vilis atmo

1506 939 561 94 ae cuneferentiam segmenti

965 988 441 92 deadet utique in e1

1447 989 23 64 c

950 994 1112 137 ductum circulem communis. Ergo no potest esse nisi

976 1079 1081 124 segnenti, ubi duorum circulorum arcus svi occurrunt

1635 1193 269 66 n puncti

990 1156 1121 133 quia arcus, non siunt interrupti. Eodem modo per circumte

1443 1214 628 107 endi potest rectam esse locum

975 1291 736 138 punctorum ad e puncta datas

1438 1306 653 108 in eodem plano, sed absolute

973 1382 23 108 s

964 1357 1091 158 etsi revera sunt in eodem plano. Demonstratio

965 1407 1063 167 in dependens a plino  potest, quod omnta

962 1500 1105 167 rentia descriptarum sunt suae relationis unica

954 1657 1204 110 plano secante hiasmpasia non plangure sis, nec nisi in uno puncto sumtl

3580 2851 457 52 Signalur: LH 35. 12. 1. NzOI.SOr

308 2908 739 52 NIEDERSACHSISCHE LANDESBIBLIOTHEK

308 2836 730 59 COTTFRED NILHEIM LEIBNIIZ BIBLIOTHIER
