3253 5160
223 103 1406 198 cendal sat commissum non drossdn

195 212 1256 197 aesebt saemms Marso mai intha nud

218 309 1348 201 finstad d caengnudo godaassa i do

212 409 1354 198 sct Vrc ndundigunus em zuhiesu. sat

212 490 1365 200 e el cago ditgoldrassigus, eppie dir

183 579 1328 203 gras non arustadt scedru ama tatturus

145 656 1383 212 Non Andolstad nis allemiastus, jondra, ncu

169 728 1420 215 eiitthis daam sabus raie. Ab est ini buuor

174 805 1340 221 reda yelto sagit ec role mit dn fussam

163 874 1391 226 fs neisus ob gold stiud laenmro

203 954 1363 227 aut Colosten eustrus un Mastio gesl, habe

183 1040 1388 235 ec vor io tse gelorcet, praetendort aus bo

186 1112 1397 258 paecil. b st am am Manu alda,

177 1183 1366 279 sagib Mirsiguit, et caole deu Daud

370 1269 1224 230 Ruratassi raeraum nur Nor 3 di gold

189 1353 1400 243 il in stantur pindo g fc est nonsum drittis

157 1450 1412 244 troeor in sur vassle sipusten gecaensaem,

183 1530 1400 250 artisre der caecle beus arsdus in misio v

160 1608 1420 249 nonut au quedraeeitus augebr, ice bodu

157 1691 1389 264 quu dineffan aut condem gesuil sit

851 1765 686 201 ut se tenrelius dib

149 1900 487 169 Dicusta selsus.

149 1831 1445 313 pergus num relation hg d se v. sch. oyficta

174 1914 1454 319 rclist ubro insis durans resoloiit ordr, a

163 2018 1408 304 nub vc dam gE Dtad gultro in gbneriasui,

157 2107 1400 309 est ubro insto darant resolovit raeordus

1181 2195 339 161 tem suam

249 2273 820 238 sartesius pater

708 2382 353 120 amimalia

269 2433 382 126 methodo Do

154 2408 1363 246 Naenum dic glassocango im tingol

166 2496 1394 258 gaesvel tan tipiodam, atluso eocseu, sbnendu

166 2585 1365 227 in immra clareo, und benomum andtlis ome

232 2671 1288 207 Avelhommane claroit: ale blapensur

212 2729 1331 226 idin eellen (eud etra at bnybndiun, ol

209 2815 1325 226 adi canise strae ocursam vensguciesu

174 2895 1397 212 mansaesit s ag bestus am lieiss in pe confusionis

206 2955 1311 212 ifoca. Eux tadem zuaa mipto n bndai

169 3021 1354 226 bjciivis dai lesescosuorum deu inou da ir Dab

154 3098 1337 235 Ocratar guls cenodu ae vitia corrigin.. se Titac

172 3182 1385 209 rel: sagteuns minem gulsus perspectio mnisti man

172 3247 1351 215 utis Linam tlodve sesus dac ist lani tsaro siidit

143 3325 1411 209 missed ast dic imagititum praeraleutia um objecto

169 3405 1371 229 ulrciga. ast fuirus amspaeatem und blactem

186 3477 1363 221 cuniq. cillam eu rMiciiscopiis fd

169 3569 1388 215 duouce nd sis num bin qu nu

177 3626 1360 203 tanminem grinm plastaue dame Hellei

157 3715 1366 212 epindu s sa sobssgnufrit compbn der

163 3801 1383 220 sac nasem itaucam al de man obaudilu

579 3881 952 192 etin qasitus mdus doso bac

131 3976 442 137 piundu.

154 3964 1360 218 uos penspectim obiearo dit vitra aut tasrem

120 4047 1423 230 raepodus dos nin baar pollices, ica junus smossu

117 4122 1452 221 m caenm sae groso stgn bleri esra ans anc oranstu

126 4193 1448 236 rrpits Non notsu habersams dis curvatura teoas

123 4371 404 121 mil sas bringo

154 4322 1406 227 a smiotas c niteu gord in ellususstagu glumu

83 4403 1518 252 reanue moru pust dat fcsi ppevigeb bolo tur hsu

103 4497 1428 221 vld eor lincheu ditus allim  das fisaus

100 4580 1423 215 cuso praeparient rgu ust gescl ob instant

83 4655 1434 206 Mesculus anau mus ita tnsora in A sg

172 4727 1354 206 c. aud mit i aber rosipltus assen

261 4818 1265 195 aid es glenitbum ongum stase vju et damis

857 4879 620 154 i pstidu pase gib

458 4939 378 162 t aqu

458 5010 336 81 candi ua qui

877 4999 281 97 ne

1599 4302 1435 221 eni sieru tant cacid Eaduris uns aust corgum

2108 65 89 92 ne

1830 84 1276 151 artesi mens fusse videtur animalia etiam

1730 166 1373 172 cogitare.  Equidem id libro de Methodo con

1703 226 1463 189 trarium dicer visus est  ut scilicet. Cheologis malius

1641 424 51 117 1t

1683 318 1481 186 satisfaceret, quorum sudicia verebatur. In Existola

1632 381 1529 229 ad Hemicum Morum,  dubitare se ostendit,

1675 458 1434 221 sed in libro de passionibus qui inter postrems

1678 533 1420 223 de butis ait: quae forte etiam cogitant

1681 624 1130 224 id Malebranchius non observarat.

2925 673 173 135 nulla

1844 736 820 178 n. de Tch. putat ostendo

2891 779 247 115 animalio

1669 791 1170 229 animalia  esse quae non ex ali

1698 885 1354 201 oriantur. Pulices vel pediculos varus

1686 966 1437 238 guneris produci in varis animalibus, se ipsum

1642 1037 1484 241 varia animalia posse producere, ubi nulla pees

1672 1129 1440 255 imalia antea accesseriat. Reedium habere

1675 1206 1408 253 experimenta, quae si secutus fuisset, eodem frusse

2228 1310 832 186 Esse puncta quaedam misra

1698 1413 421 129 perveaturum.

1692 1390 1440 241 aliquardo in hominum naribus, ea si comprimantu

1683 1467 1383 258 posse exprimi genus vermiculi, mun Made,

1718 1550 1377 264 eadem confirmari exemplo morbi pediculari

1729 1639 1392 255 Sed haec forte probant tantum. Animuia

1695 1714 1380 286 sensbilia saepe oriri ex insansibilibus quibus ae

1701 1823 1311 255 plenusi ex arancis non apparentibis illae

1682 1909 1398 252 telae per aerem volantes, vulgo Marieo-garus

1798 2009 1308 235 Febres ex materia extrivasate. Nempe

1652 2086 1391 256 copia nutrimenti extravasaitionem facil,

1635 2181 1497 249 aliae subinde causae. ex Hinc junguis vel experlitur

1620 2253 1521 249 vel stagnat. si hoc pe venit ad cor ibique ob inso

1626 2330 1517 250 litam naturam horrorem facit; consumta materia

1623 2413 1509 244 intra naucos dis stato tempore edit, hincebres

1632 2488 1529 238 intermittentes. Febris artificialis, si pungas

1623 2562 1452 227 acu in pollice, ibi ouri ubi ob catis firmitatem

1632 2620 1446 238 non bene expellitur materia. itaque defertur cum

1640 2691 1403 238 sanguine ad cor, et febriculam facit. (Ego

1616 2760 1536 233 (+ Tubium, nam quod extravasatur ad cor non depertu

1689 2843 1449 227 in dysenteria oritur ex materia quadam irritante

1620 2918 1512 243 motus contrarius motui peristaltico intestinorum,

1623 2987 1432 246 hadic si assuescat natura homo periit. Neque enim

1620 3047 1489 249 inus motus cum altero conciliari potest, et sequitur

1606 3133 1512 232 intempestiva expulsio, eaque nutritioni ad versa

1603 3216 1495 229 Cura facilis, si sedeat homo a sella non discedat

1615 3285 1431 206 etsi bihorio manendum sit honec expellatur

1609 3339 1512 235 quicquid forquet. Inde paulum, tectus sudabit de

1623 3411 1371 244 denique allamet puscutum calidum. Hac subsicium

1640 3471 1469 255 Febum curabis sine felricugo, si bene sudes tebri

1600 3551 1546 250 declinante, quidam (nale. tic) paulo ante paroxis.

1612 3620 1488 238 mum sudavit. Ingmenti paroxi sino cessat horror.

2868 3743 278 106 qulnerari

1609 3703 1403 238 cessat judor, et sentitur frigusculum inde rursus calir

1617 3798 1501 212 incor, ita febris  cessavit sunt artifciales

1663 3881 1119 206 singulare in quo consistat phthisisi

1721 3927 1371 218 Dis Giintur sb in baum d asssie in laiest braum

1637 4010 1495 224 (rai damus zu paris dir incendia saltam poscntius

1629 4090 1469 212 pen sous In  dem godu ud Asti decam mudstu

1629 4142 1469 232 iuassium, quadum festrigi  naliti mil

1623 4225 1400 232 hragili est sondiorus trafitus qugue ppur) puis

1640 4383 1438 220 etuct uniduo ubit und alect sussalvotus astru

1626 4466 1454 218 u paris iist liau lan derterasau aut halia

1606 4546 1489 195 mmud Z. filqu. ad in nnm solriicls Adn

2598 4603 267 124 2 Derfilci

1637 4669 830 135 pale biit adbum saluim

1629 4661 1460 258 u cgnadiosteu ffalbs raendustisa

1649 4781 1451 175 um ficae. dutro dn baitrosus mis hi erpou

1706 4881 987 147 H d. Tibero mud gulero dEquic Pa

2750 4841 307 129 to

1629 4922 1437 193 exfundiua sb meler hormandus Tabi sr hndlas non

2030 5031 204 78 roua
