1944 2612
364 185 1301 118 GRPe  dte erate

405 313 103 93 R

998 294 703 100 A, B, vel AB,C,  determinantia

277 370 1492 137 Quae Unica sunt sui situs ad data A, B, C ea dato situ ad A, D,C.

267 481 749 99 determinantia sunt determinata

338 494 1562 172 Locus omnium ad data sui situs unicorum est determinatus ex datis

355 610 1144 141 Unicum punctum nihil praeterea determinat

294 673 1410 155 qu itaque si Y sit locus determinatus ex A,

312 785 666 117 erit Y coincidens ipsi H

1032 740 745 120 seu locus suae relationis

306 886 357 87 seu punctum

685 816 1078 119 suae relationis unicum ad A est

1213 890 487 92 Ex eo quod quod

320 956 236 107 ipsum A

818 918 372 94 Hoc probatur

1036 957 682 124 B differens ab A, quod

332 1012 668 112 it punctum quodcunque

1225 1044 505 105 jungantur A et B

328 1082 820 128 icabrur sui situs unicum ad A.

287 1107 1514 155 ut on unum continuum saedant. Uno puncto immoto A

284 1175 1549 160 moveri cotia continuum potest. Ergo omnia loca in quo

299 1239 1504 167 puncta in quae cadit punctum continui quod inciderat in

286 1381 383 115 punctum spatis

725 1311 1076 135 B eodem modo sitae e hunt ad A, non

287 1475 86 116 est

405 1407 936 150 ergo B sui ad A situs unicum

374 1542 414 110 duo puncta

583 1584 232 71 aut plura

808 1443 1025 164 determinant aliquid seu producunt

265 1533 1593 188 alioqui nec tria determinarent. Nam si A et B nihil determi

287 1604 1492 192 naut, nec A et C, nec B et c, nulla potent ratio

1560 1684 251 93 Quotcunque

278 1705 1185 158 reddi quomodo aliquid determines A, B, C

1636 1755 209 69 cum

1621 1806 158 68 situs

262 1767 1303 157 autem puncta nihil determinare absurdum est

271 1845 1537 180 certum sit esse quaedam aliquando punctta sui, ad

167 1915 1628 171 ad quaedam data situs puncta ad unicum. Ex gr. si

287 1995 1517 178 sphara sumantur quatuor puncta non in eodem

187 2096 77 93 ut

418 2137 180 109 posito

654 2130 320 85 non po nisi

991 2057 868 109 unicum punctum  reperir

191 2186 170 87 plano

982 2131 854 139 sed idem propius sic conficemus:

201 2208 745 134 ab ipsis aequidistans.

1576 75 120 83 s

116 2516 366 33 COTTFRED MILHEIM LEIBNIIZ BIBLIOTHEK

1340 2508 409 48 Signatur:. Lt 35. 1. 3. (35I.18r

100 2540 390 40 NIEDENSACHISISCIIE LNVOESBIBLIOTTEX
