3086 3909
125 156 2009 130 discriminis, ni fallor, quod arcus agit tota vi determinata statio eo momento

128 201 1963 157 quo a projecto deseritur, qui ictus ob moram non increscit. At in sclopeto

149 251 1998 163 non primo momento omnis consumitur ictus pulveris sed absolvitur displosio. Seu

145 353 754 142 non dum ista satiffaciunt,

920 345 719 95 Fiat ergo experim. 5.

186 369 1905 186 (5) Observetur an oriatur differentia si pila arcu explosa cum chorda

182 440 1957 187 adducta fuit, aut si a chorda sub finem restitutionis inventa est. Ego

154 503 1989 187 discrimen subesse puto nullum. At in Sclopeto alia res nam si selopetum

154 551 2006 215 breve perinde est, ac si pila quot sagitta avolaret arcu nondum plenet

154 623 2011 208 restituto. Quare et quae moram conciliant, conducunt ictui. Unde patet cur

160 686 2018 208 ndmna longitudo inutilis sit imo noceat, ubi scilicet restitutio, omnis facta

340 738 1840 215 tunc enim de reliquo mora pilae in Sclopeto autum vim ejus attritu

214 888 281 119 Ddimituit

225 846 1970 226 Redeamus id coepta de Detrimento, ubi corrigo me, credoque ictum nimis

188 914 1907 226 celerem plus etiam difficultatis sentire,, in attritu superando Explicetur

195 983 1931 207 oluten corporis A ad planum BC, ape per pondus quo corpus A retinetur in eo

186 1051 1914 197 dloco quod si jam impellitur quanto cellerior est ictus quanto celerius

193 1085 2011 244 ascendet pondus D, at quando pondus D. et celerius ascendit tanto resistit magis.

206 1164 1928 245 At hinc sequitur paradoxum, minirum majore ictu minus effici

197 1248 1970 237 Idque quodammodo verum est, sed recte explicandum. Ajo erus. Si vis

925 1307 1242 169 sane etsi ictus innfinitus sit si ponderi

217 1407 645 139 impesra, i ef id est

188 1368 1961 241 comparetur tamen et resistentia ponderis tunc fit infinita. ponamus

251 1439 1942 228 aliud pondus lapsu suo in E circumagere trochleam F, et attrahere

1124 1491 1052 159 Sane primo impactus momento haud dubre

186 1607 830 143 corpus A, at allevare pondus

167 1557 2056 273 attollet D sed ob celeritatem id etiam ft elevationis, id fortissime resiste

167 1628 2063 257 citoque omnia in verum redibunt modum depereunte paulatum acessione,

158 1706 2011 244 ciurcelerationis, Nonamus jam simpliceter incumbere, quanto Trochea F major est,

210 1752 2076 250 tanto d. diffrcilius elevabitur. eCertum est ergo, quid celeriter impingat

410 1822 1739 212 duo consideranda, vi quantitatem virtutis agentis, et celeritatem

169 2013 119 67 b

175 1887 1990 247 vantitatem pcilicet difformitatis, et vim restitutionis. Si quantitas vis ipsa

197 1943 1981 243 seu quantitas difformitatis  minor sit pondere D, ictus inor  mapor

193 2015 1956 237 aucta utcunque celeritate attolletur pondus fateor, sed ad certam quandam

186 2069 2022 237 distantiam, quoniam et fortissime resistet. Imo forte ne attolletur quidem

165 2128 2034 252 ab ictu, ulcunque is sit infinte celerior pondere, quia is et infinitam resisten

147 2199 2052 244 niam sentiet ab aleusut infiniti, quem imo non sentiet; ascensus enim tantue est

234 2419 161 78 Quant

584 2256 1581 204 celeritas in quot cadentis impdngentis in quolibet momento

141 2317 2024 249 mo sellet. Nam haec celeritas est infinta ratione primae celeritatis, qua

128 2375 2056 250 motus coeptus erat Ergo concludere mihi posse videor non attolli pondus ob imajo

123 2434 2072 248 rem ictus celeritatem nisi et vis sit, major. distinguenda vis a nisu, id pondus

2219 2588 96 94 6s

284 2499 1887 228 ponderatione Carterum exhis colligo Haec tamen arccuratius exculienda,

210 2584 1955 208 et ut experimentis stabiliantur: experiamur primum, an fortius agat arcus asi

117 2640 2046 224 restitutio integra ei permittatur, quam dimidia, ac de eo primum non dubitusm

134 2690 1996 243 dubium subest. Nam corpora Lagillam jam ad se restituendum quolibet

141 2744 2161 237 momento nove vi naturae agitur etsi ea vis sit decrescens. Hoc stabulito, (7)

121 2812 2057 232 emittatur globus ex arcu, ac primum ex arcu parum, deinde ex arcu integre resti

117 2877 2052 228 tuto,  ita ut ictus dirigatur in corpus, quod tanti ponderis ita temperati, ut

147 2940 1979 232 paulo minor sit  vis ejus vi arcus integre paulo major vi

186 2988 1998 228 dcus ex parte tensi, vel ex parte restituti. vel Hrevius chorda arius in

175 3057 2148 239 nondus agat. Quod si jam ista Hypothesis vera est, sequitur, chordam Cor

162 3135 2029 226 non superare pondus, nisi pondus vis restitutieis vis arcus eo memento adhuc

143 3203 2076 217 vi pondetis major est; nec considerabitur  quod ab racceleratione accessit

149 3266 2070 230 At si h fortior ad huc est tunc acceleratio se faciet sentiri. Videndum

186 3320 2003 241 Jam an sint obstacula quaedam, quorum resistentia non augeatur celeritate, um

167 3403 2054 212 pingentis. Et esse arbitior nulla) Imo exhis sequitur absurdum, quod scilicet corpus

199 3461 1981 222 adens aliud aequiponderans, aut non multum praeponderans non attolleret

143 3602 822 159 quod est contra experientiam
