2938 4617
141 112 1249 147 et ad aliquam mali emendationem viam

135 184 1319 169 mihi aperire operae fortasse pretium fuerit

264 292 1113 162 Coustat in omne liquore, duplicem

135 374 1299 174 considerari posse Gravitatem, irdividualem,

143 469 1322 151 ut sic dicam et specificam, cum enim gravi–

143 520 1660 185 tas sit quantitas absoluta, a machinis conatus innati corporum

151 615 1309 157 ad centrum terrae, et vero omnis quantitas

146 669 1360 164 aestimetur comparatione, et corporum comparari

159 728 1272 195 possint vel individua vel species, ideo duplex

138 805 1280 182 gravitas individualis et secifica considerata est

143 861 1373 180 illa scilicet immplicite, nondus  individualis aesti–

133 931 1398 205 matur simpliciter  corporis pondere absolute considerato;

135 1010 1296 182 at specifica  pondere corporis in data mole

164 1084 1262 206 seu spatio;quo scilicet diversae species

156 1146 1286 200 discermi possunt. Nam si quis dicat simpliciter

156 1213 1301 210 corgus aliquod sibi fuisse ponderis tot librarum, nemo

138 1282 1263 215 speciem ejus definient, ut si pyacidem sibi

161 1367 1245 205 fuisse dicat plenam, megnita non

184 1505 436 167 ponderis tautum

628 1426 757 161 sed et magnttudinis datae

641 1492 849 182 pecies corporis ratiocinando per–

156 1610 436 116 potest iiu raro

153 1695 224 108 veniri.

205 1626 1260 233 Hanc distrnctionem ab omnibus cognitam ad

143 1731 1299 218 aerem non satis applicatam miror, ne ab iis

141 1782 1319 244 quidem qui in hoc negotio emndo maxime

189 1859 1265 228 laboravere. Bacometrum Baroscopium enim

205 1951 1255 218 Torricellianum n nisivere ac proprie non

189 2005 1353 231 nisi individualem aeris gravitatem,qua

133 2072 1429 249 tum ponderaret totus aeris cylinder Mercurio obnitens

131 2144 1362 251 defimire potuit, specificam non nisi per accidens

148 2203 1378 256 quatenus aliquando complicatas habet cum indi–

161 2272 1350 257 viduali rationesu unde factum arbitror n

182 2352 1316 259 Baroscopium aliquanto praeclare, cum aere con–

236 2421 1376 251 enserit,do alane fefellerio fidem

200 2508 1316 257 ando quoniam tempestates propine ac per se

171 2570 1391 266 specificae non vero nisi per consequentias,

182 2654 1272 234 varie bliquatas inviduali aeris gravitati

177 2844 390 103 connectuntur.

705 2729 734 187 retrumque ostendendum est

205 2785 1778 259 1) Bariscopium Torricellianum  et quamnisi quaecunque sunt

200 2872 1362 257 ejus transformationesindividualem

972 2957 557 167 specificam non nisi

195 3039 679 149 proprie ac per

1003 3070 300 110 monstrare

1347 3026 146 123 2)

195 3088 774 195 per accidens contingentermue

210 3111 1321 244 Tempestates aeris  cum gravitate aeris

1485 3329 115 77 et

192 3275 1375 246 individuali non nisi per accidens contingenteue

174 3475 393 110 Connecti, 1

287 3403 1190 252 mum ergo Boroscoprum Toricellianum

151 3529 1350 203 non nisi Individuglem aeris gravitatem  ostendere

197 3614 1237 182 demonstratu facile est. Monstraf enim

192 3660 1327 228 Ostendit enim totius Cylindri aerei Mer–

197 3726 1483 234 curium sustinentis pondus: at vero hinc specificais

133 3816 1439 229 aeris gravitas non definitur, quia in ea ponderatio

174 3839 1829 270 non determinat, pondus data mole seu spatio e materia impleto

187 3929 1978 223 quod imle; sed pondus simpliciter massae cunjusdur incertae altitudinis

2378 4014 500 120 Qui munc apparebit

179 4037 1486 177 dato cuidam loco muminentis. Nam siponatur

184 4093 1437 200 aer duplo quam est rarior, seu specifice lleviorus

1721 4214 129 60 e

192 4091 2622 287 et tamen duplo quoque quam est, altior. idem nihilominus manebit cylindri cAerei pondus, idemque

207 4234 1383 208 qui nunc apprrebit clinri Mercurialis Rtatus

261 4329 1352 182 Tubi Torricelliani status. UInde apparet

1596 3490 228 134 proprie
