4892 4226
2515 112 1517 139 () Extensum est continuum, in quo quae

2548 230 549 117 sunt coexistunt

3562 232 190 106 extenso

2476 326 114 134 (at

2618 284 1388 136 Situm habent quae in eodem continuo sunt

2576 352 1449 141 (uti positionem habent, quae in eodem continuo sunt)

2494 424 1592 158 (3) Punctum est quod situm ad quodvis in extenso positum

3579 483 284 75 adde lagra 1

2548 504 974 146 habet, extensionem autem non habet

3616 542 28 73 s

2512 556 1588 162 (4) Itaque duo quaevis puncta in eodem cotinuo sunt. Nam

2604 612 1750 162 duo puncta simit  er de e enso per 3. Ergo sunt in eodem extenso per 2.

2531 680 1614 181 5) Duo extensa quae punctum commune habent constituun

2602 709 2118 213 unum extensum. nam per punctum commune continua sunt itaque per 1. sunt unum extensum

2519 805 1661 188 6)  quotcunque puncta sunt in eodem extenso. Nam duo quaevis

2613 856 1607 205 sunt in eodem extenso per 4. Ero sint puncta A, B, C,  D, et C

2576 934 1540 190 A et B sunt in eodem extenso per 4. quod sit AB  B et C sunt

2564 995 1625 176 in eodem extenso quod sit BC. Ergo AB et BC punc tum commane habent B

2578 1061 1571 178 itaque constituunt unum extensum ABC per 5. similiter C pun

2571 1098 1719 205 datur extensum CD per 4, quod punctum commune habet cum extenso ABC

2581 1185 1484 174 ergo constituunt commune extensum ABCd. Et ita porro

2543 1234 1592 216 7) Si duoe situm habentia sint in eodem A erunt in eodem ext erunt

2559 1352 1036 152 in quodam extenso communi quod sit in A

2557 1495 35 45 es

2623 1375 1381 212 def Spatium universum est locus omnium punctorum.

2604 1429 1632 228 datur loc spatium universum Nam datur locus omnium punctorum

2628 1565 843 146 per 6. Ergo datur spatium per 7

2531 1594 1515 204 1) qvicquid situm habens in puncto est, ipsum punctum est.

2616 1650 1456 193 Nam quicquid in puncto est, puncto coexistit. Itaque si plura in

2578 1756 928 159 puncto sint situm habentia, coexistent. Et

2531 1749 1766 256 1) si pa situm habentia sint in eodem A, in quo quicquid est, coexistit

3842 1847 383 87 Nam generaliter

2611 1875 1151 179 eterunt in extenso quod sit in eodem A.

2609 1904 1552 206 si duo sint in eodem A erunt in aliquo continuo quad sit in eodem A

2635 1951 1691 204 id autem hoc loco extensum est, quia quicquid in A est coexistit, adeqet ex nypothest

2646 2009 1637 202 adeoque et quicquid in continuo est. Ergo per 1 continuum hoc extensum est

2538 2188 97 117 oi

2658 2091 1503 174 Quicquid situm habens in puncto est, ipsum punctum est. Nam

2651 2131 1616 207 corcquid in puncto coexistit. Sint jam pluca in puncta situm habentia

2595 2199 1597 212 Aet B et C sit punctum A, in quo sumatur B situm habens

2625 2270 1600 197 ico B coincidere ipsi A. Nam si non coincidit, assumi potest ad huc

2573 2382 841 144 aliud C quod etiam situm habet Ia

2557 2439 869 169 10) i puncto plura situm ha

2557 2441 1740 247 10) Quicquid situm habens in puncto est, pun ipsum punctum est.

2618 2533 1715 195 Na sit punctum A, et in eo altud sumatur CB, dico B coincidere

2635 2596 1700 214 si A. nam duo habemus situm habentia in eodem A, nempe A et B.

2564 2655 1841 221 Ergo erunt in quodam extenso quod sit in A. per 9. quod est ab scird. per 3

2684 2737 1583 193 praestabat punctum ita definire, ut quicquid in eo sumi posset

2658 2732 2118 263 situm habens, ipsum met esset. extentum hamon quia in quavis contiuo sumi potestaliud cotinuum homogeneum

3938 2890 202 86 Nam

2527 2918 54 103 i0

2670 2951 202 65 in quovu

2999 2918 352 73 aso sumi potest aliu

2498 2913 1337 171 (21) (12) uvicquidio extenso est i eo punctum est

2649 2955 1409 176 si extensum in extenso contiuue minuatur, denique

2665 3012 1487 157 evavescet in punctum sit extensum alteri extenso habens

2649 3068 1460 178 aliquid communes  continue minuatur,  donec

2686 3088 1928 222 ampliu aliquid detrahi non possit, et tunc tantum et cum eo perventum erit

2672 3204 1419 162 tunc communis ubriusque extremitas erit punctuer

2665 3258 1381 176 sim Eadem Ita demonstratur etiam dari punctum

2644 3366 744 125 dato extenso dari punctum.

2539 3397 1479 171 (3) Quicquid in extenso est, situm habens, aut punctum est,

2588 3524 451 108 aut extensum est

2496 3509 1590 188 (13) punctum extenso congeneum est, id et Nam continua

2637 3560 1902 172 mutatione et extensum pr ex extenso fit punctum patet ex dem. prop. 11

2522 3606 2268 192 (5) quae ex tenso longeneum est aut extensum aut punctum est. patet eodem modelium ex dem prop. 1

354 3995 855 71 SOTTFRED NILHIEIM LEIBTVIZ BIBLIOTHIEK

4232 4005 467 68 Sionatu. LFI 35. 1. 14. 11061. 380

352 4075 859 66 NIEDERSACNSISCHELANDESBIBLIOTHEK

2489 3156 58 72 fh

2494 3209 61 59 nan

2498 3232 92 64 tnctu

2510 3282 49 58 ita

2489 3312 127 70 commune

4316 56 493 124 Hoc spheda

4372 150 69 148 s

4504 204 256 101 bona

4368 2873 376 73 aliquo ampliu

4419 2904 393 80 detracto necesse sit

4513 2969 294 59 nihil commune

4553 3007 188 90 superesse
