4909 4522
585 32 1573 86 Eodem modose habent duo puncta A at, B, quol alta duo puncta

239 60 1876 133 ut D, EF, si idem extensum  fismum e est in quo quae insant situm non matant

1894 67 565 108 cito cibus b e icutm tibus

474 110 1307 121 peni possit iisdem su s nunc in B cnunc in Z

1037 173 307 65 ca qua

1570 148 32 52 a

1806 140 527 91 decignantum diveret punctis

605 185 500 111 Recta est Ep

919 258 98 58 unet

1140 170 1191 133 nim  lit ea ducta fertuos punctu

2276 226 70 67 Eru

476 263 1975 143 se habeas ad (omne tatus. sint duo puncta A et B, pr quae ducatur

472 344 1914 128 recta utcunque producta continuata, R. Et entra rectum seu ad latus

454 412 1990 140 sumatur punctum quodcunque Cdc ipso quo facto certa habebitur matio

457 487 2027 136 punctorum relatio tam punctorum A et B, quam rectae R ad punctum C.

452 550 2022 138 raje debere idem seu rerriri tab alio latere quocunque pt est si aliud

432 618 1874 146 sumatur punctum D, eodem modo se habens ed A et B ad quod sese

449 685 1942 156 funidtus prunctum D, ed s ad quod eodem modo se habeatt A et B

464 756 1960 158 quo sese habuerunt ad C. (qua ratione aliud etiam rectam R eodem

469 844 1332 150 modo se habituram ad D quo se habuit ad c.

1896 829 420 115 Seu speciose

454 904 2003 156 si A. B. C ∞ A. B. d erit : c. R e∞ D. R. modo R sit recta per

487 989 1970 131 et B seu muto A B et BAH gu A  A ∞ qu. R et B∞ gu. R

311 1052 2166 128 scilicm puncta  versa eodem modo se ed duo 1A et B habentia, diolesa latera desirnacnt

590 1090 1776 138 Omne punctum quod est i recta, est suae ad duo ejusdem

459 1180 1003 136 rectae puncta relationis unicum

602 1218 1865 161 ab recta R tra et in ea duo puncta A et B, sumaturque pun-

469 1298 2013 191 ctum A D quod sit in seadem recta, dico, nastum, poss rexenim pun–

479 1379 2053 183 ctum D, eodem diversum  ab C quo ita ut sit _A B.ex C A. B. C

504 1457 1920 183 Nam Auia  Assumatur punctum quod cunque C, et sit alind

497 1517 1952 206 D, ita,  ut1 fub A B C. _ ∞x P MB. d erit R. C ex RD

469 1617 1962 189 R. erit R. C ∞ K. D. jam B  qu. C sit ∞ C et F _ D

474 1715 2018 176 et fiet _E _q R. F sed E ∞ qu. R. ergo fiet EE.  E. R

507 1826 947 168 Ergo F∞ E Quod E. dem.

668 1876 1675 194 pponatur dari D diversum a C erit D. ut sit

547 2034 925 146 BA. B. Cx A. B. D Piis

1517 1977 929 158 c R . D. R ex de fin

532 2090 1947 171 rectae. Jam qu. R x  c (ex hyp  ergo c. c ex D. C

378 2185 2008 160 id est ergo C ∞ D quod exut dem  sive C et D qua diversa

532 2266 1711 165 assumebantur coincidere deprehenduntur L E. D.

713 2366 1673 163 Omne punctum quod est suae ad t duo puncta, e

535 2464 1758 161 relationis unicum est in recta in qua sunt illa duo

532 2587 256 118 puncta

2092 2547 209 108 Cunicum

869 2585 605 118 im positis sit punctam ci

660 2632 1623 138 sit punctum e unicum suae relationis ad A et B,

535 2688 1796 150 dico id esse in recta X. Nam sumantur  E eodem modo

525 2738 1879 176 se habet ad C et ad D ponatur enim Nam D si non sit in recta X

1396 2831 478 98 viri punctanus c,

1889 2811 470 95 poterunt repepin

530 2858 761 111 aliter se habebit ad C poterit

537 2838 1914 211 puncta c et D, eodem modu se atena ad_, et et seddem modo ad B

535 2911 1952 199 (seu C A. E ∞ A. D, et B. C ∞ BD) ita ut tamen non sit C. C ∞E.D

532 2982 1862 180 ex defe rest E non habeat sese eodem modo ad C et ad D, seu ut

570 3095 927 135 tamen non sit E. C e. E. d.

527 3107 1804 194 Nam Es E est suae relationis unicum ad A et ad B, et B x

509 3182 1832 189 et A eodem n seu ex datis A et B deteralinatum est E. jam

369 3255 1939 182 Namm A eodem modo se habeat, ad et ad C C et ad D. Et B itidem

442 3313 1876 191 Jam e l ex hyp) F et A E est unicum ad A et B, quod vero unicum est

492 3368 1839 196 determinatum est ex eodem modo se habentibus id ipsum eodem

545 3441 1803 181 nvolo se habet (per ax..) Ergo E eodem modo se habet ad C

545 3507 1683 188 et ad D. et proiaas (per def) est in Recta per A. B

396 3572 2096 183 reneale Axcoma Calculi hujus po potest in enuntiationa de situdetermi nantibus

409 3650 2078 167 determinatiuum sibi ubique substitus , ver contra potest vel contra: Hasqe sic

542 3713 1877 165 Cum sit uA E. A. B. an. et A ex res conficietur

537 3778 1779 171 A C  AD et B. C x B. d Erqu A. B. C ∞ A. B. d jam

545 3863 1753 159 A B. E got unic. Ergo E. C ∞ L. D fet E. C XXE.D. itaque

545 3949 992 138 (per def.) E est in recta par A, B.

2386 169 90 87 2

2454 221 23 88 s

149 314 341 80 Quot eodem modo

163 371 113 102 sint

168 673 275 93 extra rrca

168 733 40 70 t

228 736 108 120 de

2539 22 1365 91 recta e est quae eodem modo se habet versus omne

2494 57 910 113 Latus. diversa autem Latera

3260 82 548 86 se anorum r. sum

2467 130 768 121 resignantur diversis punctis ad quae a

2869 143 972 103 sumtoruu punciorum unumquodque

2470 208 587 94 punctorum a quae duo rei pur

2590 246 412 88 duocum

3009 180 832 123 rum se habet eodem modo.

2673 233 1178 143 unum quodque habet Necup e sibitc sit p in

2683 291 1138 146 eode modo Nempe si in eodem praeter duo

2575 346 1346 163 puncta st A et B aliud quodcunque sumatur Y

2582 424 1387 146 x esde et as get habeat ad diversa puncta EotB

2690 494 1191 134 ut B se habet adueadem, eaque sit natara

2683 552 1045 153 nicis t at hac ipso neceste sit

2622 605 1354 183 oporteat Y eodem modo se et sint praeterea

2663 680 1268 156 puncta diversa, ut C, D _ quarum

2665 748 1261 138 unumanadque ita se habeat ad A,  ad B

2663 808 1313 146 ad quarum unum quodque se habuat A ut

2690 876 1088 148 eodem malo se habeat hA, vel B

2700 914 1289 156 habeatque se A eodem modo ad Cut

2683 959 1487 186 C ut ad D et B itidem; oporteatque ideo

2690 1045 1435 153 etiam Y eodem modo se ad C ut ad D haber

2683 1112 1364 174 locus omnium punctorum Y erit Rdoat

2683 1205 897 123 dicetur Recta. F spreiose

3657 1183 460 105 A. C  A. D

2695 1248 1480 166 B. C e B. D, necesse sito Y ea sit patura ipsius Y

2698 1326 1510 163 a punctum necesse sit _ esse  K C ex XD.

2683 1398 1841 172 locus omnium X, seu X ext  dicetur Recta. Et punctum

2833 1467 1716 173 Omne punctum quod est in Recta est suae ad duo

2680 1565 1510 168 ejusdem Rectae puncta relationis unicum.

2823 1610 1769 193 iisdem positis dico si aliud sumatur punctum (X) praeter

3986 1766 43 72 o

2690 1683 1884 211 praeter punctum Y aliud sumatur (X) eodem modo se habens

2695 1761 1927 213 ad A et B, ut se habet Y: ad eadem revera X) coincidere

2688 1833 1917 219 Cum X. Nam cum. C et D (ex hyp) C pt D sint quaevis

2705 1909 1874 208 puncta eodem modo se habentia sad uou punctum rectae

4110 1974 555 118 jam est punctum

2718 2024 1296 128 poterit altei c s X ut D  (X)

2715 2039 1932 222 rectue a A eB,: et X ponaturque X et (X) etiam eodem

2698 2117 1947 221 modo sc habere iunum quodque ad A. ut ad B, poterit  X sumi

3474 2250 236 76 Eet citum

3826 2205 962 159 Porro seu X exc et (X) eD

2700 2288 1040 141 pro uno C, et (X): pro altero D:

2708 2288 2055 229 porro X est in recta in qua A ut B, ( hyd (ex hryp.) Ergo fiet

3828 2404 890 150 id est X. X ∞x X. (X)

2730 2449 990 146 XA X. C ex Q X. D.

2740 2575 417 120 Ergo x

3203 2575 409 100 X  X

3698 2494 999 163 Qul erit dem. seu X et (X)

2735 2582 2020 191 Omnia quae pro diversis sunt assumta, revera coincidunt.

2763 2738 131 108 Hi

3110 2660 1668 183 He statim specimen habemus  ejus demonstrandi

2710 2733 2023 198 rationis, quam Cardanus et alii in Geometria admirati sunt, ut

2713 2821 1992 203 scilicet eo ipso dum aliqvid ex posita aliqua enuntiatione

2725 2889 2040 190 concludetur directe ejasdem enuntiationis oppositum. ut hoc

2730 2969 1995 193 loco eo ipso dum posnimus duo puncta X et (XF esse diversa

2735 3074 1430 171 concluditur non esse diversa, sed coincidere.

3034 3135 1689 211 Duae rectae quae duo puncta communica habent sunt in

2904 3213 1891 196 eadem recta sint rectae X et Y, habentes communia puncta A. et B

2806 3280 1994 196 dico ambas esse in secta _ B Z grae sit tor in una recta Z. Nam

2803 3338 1987 211 punctum A et B sunt in recta x Hy pothesi Ergo X est  un ad A. B. sed

2816 3406 1977 196 quod est un ad AA et B. est lin recta totali Z sper th. ..) Et idem ostendetur

2818 3524 872 143 Ergo et X. idemque ostendetur de Y

2894 3524 1906 199 Hinc colligitur duas rectas nec habere quae non sint in eadem recta totali

2831 3635 1269 153 nec spatium claudere, nec segmentum commune. habere

178 3012 294 150 si habeat B

82 3444 309 93 TErgo A.B. C ∞A2

130 3517 184 91 samam

354 4288 849 73 COTFRED NILHEIM LEIBNIIZ BIBLIOTHIEN

4273 4303 440 58 Signatur. LH 3S. 1. 1. 1401-120u

349 4366 861 70 NIEDERSACHSISCHIE EANDESBIBLIOTHEN

4343 985 490 97 FEt locus punctorum jus

4336 1075 492 98 Recta pdsritiaa

4383 1047 304 63 eodi omnium dic

4331 1120 495 118 Hoc secundum

4409 1200 399 83 specosam situ

4434 1268 392 83 sic designabi

4449 1316 377 93 tur. Si positis

4520 3775 82 96 et

2532 3052 199 122 Narche

50 106 180 92 ,dec
