2983 3863
777 163 2029 120 quantumvis magna in aqua ata librata, ut  facillimo rsu hoc illuc

773 229 1269 148 impelli queat retum fortem non recipiat

2149 238 649 107 Accleratio allevari non

764 302 2051 150 potest, pone enim arcum attingere corpus projiciendum fine ictus. Res

770 371 1996 146 mira, resistentia nimia obtundit, mediocris et proportionata adjuvat vim

773 435 1963 174 impressionis. Nec puto Elaterium facile advocari posse dicendo si corpus

788 594 53 56 qa

760 620 118 79 dio

910 497 1896 174 resistat comprimi, se restituere. pon primui enim eandem projectio

770 573 1957 191 nis rationem puto fore in non duris. Deinde ponatur hoc, sane nihil

788 643 1935 189 aliud inde orcetur, quam ut rpus idem quod provenisset sine

764 800 228 101 Elaterio

717 768 2094 208 e) sumatur pila lignea plumbo ita temperata, ut in aqua  propemodum aequili–

760 839 2055 195 bret: inde manu in media aqua,  projiciatur: quae resistentia sentietur,

755 888 2039 215 non erit utique a pondere  pilae, sed ab aquae attritu, quaestio est an pila

744 959 2011 237 ita in aqua manu longe projici, aut alteri corpori etiam in aqua posito,

775 1023 2001 230 ictum fortem inferre possit. Si non facit; sequitur in aere ideo eandem

779 1077 2036 240 pilam fortem ictum corpori in quod projicitur imprimere, quod projicenti pondem

737 1143 2093 252 duo magis restitit. Sin vero ictum nihilo minus imprimit fortem, sequitur

766 1203 2002 243 vim ictus impressi ab ipsa corporis soliditate pendere. Prius est pro vabilius.

758 1270 1997 247 2) In Tabula polita pila manu, vel chorda a pondere aut elaterio tensa (ut

788 1334 1995 251 magis constat quae sit vis ictus iprime projicientis) i pellatur propellatur

801 1414 1941 225 ac primum comparatio instituatur inter ferream vg. et ligneam ejusdem

777 1472 1991 236 molis, deinde inter ferream et lignenam ejusdem ponderis; a scilicet ictus

794 1536 2002 256 sit ictuum, quem in subu tabulae exitum in corpus objectum, (v.g. pondus, aqua

779 1607 1920 247 extrahendum) exercent ratio. Credibile est eundem fore citum

777 1817 335 133 prlis ponderis

1204 1673 1504 217 aequalis Quod si ovendt priori experientiae consonat.

886 1751 1901 238 Uet rei reddamur certiores experimentum cum rebus dua natura

779 1824 2012 246 levibus ut globo ligneo, sed quo glutine aliquo forti tabulae adhaereat

788 1888 1975 249 et nune chorda eadem, impellatur. Si jam verum est resistentiam

786 1950 2031 262 corporis projecti, ad projectionem, esse causam ictus a projecto majoris

766 2019 2075 253 sequitur tantum, imo multo majorem inferri ictum a globo isso ligno, quam

781 2079 1987 270 a plumbeo libero, quia colla, sive gluten effecit, ut fa difficilius impelli

796 2139 2002 294 potuerit, qu globus lignequs, quam impulsus fuisset plumbeos. Et cum credibile

779 2212 1969 307 sit ictum non fore tantum. hinc sequitur eo posito sequeretur, nec

755 2289 1998 290 resistentiam ad motum esse causam fortis ictus a projectis impressi, A

805 2373 1995 271 uod ero si nihilomin At hoc d experimentum difficuliter conciliabitur cum

786 2448 2003 253 primo ubi sppono crebo in aqua ictum fortem non inferii ab eo quod in aqua

1256 2498 1520 199 Conciliando utrumque dicendum non resiphentiam ad grimum

1685 2536 1128 189 seu gravitationem esse causam ictus fortis

792 2648 442 111 parum ponderat

1028 2719 41 51 u

1114 2667 550 133 pondusponderationem

990 2747 103 68 sed

826 2601 1991 283 At cur ita ponderatio nonne quia resistit ad ictum imprimentis aut atia

805 2663 1971 290 ratio comminiscenda, aut aliter experimenta evenire necesse est. A

773 2918 406 92 dicendum corpus

1204 2734 1557 225 in tantum recipere ictum, in quantum ram movetur,

764 2802 2055 273 et resistentiam. a glutine non esse motum, resistentiam a pondere

1106 2858 1647 260 Sed hujus hypotheseos difficile foret rationem reddere nisi

775 3043 257 116 esse. sed

1464 2925 1353 184 in santum agere ac pati in quantum est. Esse autem

790 3071 651 143 diceremus unum quodque

1346 2987 1469 210 Idem glutinis experimentum corpori in aqua librato

768 3152 428 122 in quantum agit

1969 3120 848 159 (era in sclopetis hunc habet

773 3062 1984 268 adhiberi potest, ut appareat an prima, ad ictum resistentia horum

805 3238 775 152 Meiomenorum causa sit

1262 3221 1239 174 Plongitam longatudinem Sclopeti supplet

1969 3313 43 58 et

779 3330 445 127 usum, quod

719 3405 58 123 4

732 3480 36 16 sit

839 3302 1970 187 si Mererimenta doceretis vim projectionis, at resistentia projctiesse, res ita

758 3367 2063 206 explica possot, quod scilicet difficultas Faciendum est experimentum displosionis cum

734 3433 2042 191 Scera  in arcu, credo secund. experim. 3. ictus non foret fortior si scilicet prima

736 3496 2025 206 resistentta ul non esset causa fortis ictus. At idem ftat in clopeto, ratio

246 1090 491 139 super quo propellat,

212 1324 524 124 mo forte posterius eveniet

225 1012 406 84 utile est planum

225 1053 462 93 esse in fundo aquae
