4846 4200
704 109 1711 138 rop. 3. decabus datis rectis lineis in aequalit, a major

543 205 1849 121 miuo eni debrahere. Apponitur ad extremum majoris aequalis minori

555 289 1755 112 per praeced et communi extemo tanquam entro intervillo micoris des

562 347 754 115 cilculus a majore desia het quod

821 382 1529 136 hoc problemate prius videtur aliud. rect Addala

574 473 1797 115 rectam A addere rectam aequalem datae C. Nempe per prop.

541 536 1865 131 centro B intervallo C, destribatur circulus quem produco AB secabit

555 604 1842 142 in D Eutque Ad quaesitu composita ex AB et _ magnitudine

569 728 271 112 ipsus e

880 662 1491 131 Itabenus ergo, roditionem et sulructione rec aus

543 721 1814 158 suo, loco habebimus e multiplicationem et do sionem. ped

560 809 856 136 ali quaassunata pro unitate

693 856 1638 135 propt 4. si Tranguloru duor duo latera aequalia et

555 933 1762 128 ngilus quem comprehendunt latera, congruent Tigneuta Hoc

564 991 1856 147 qualides demonstro superpositione. Mihi sufficit, bique triangulum

550 1066 1777 138 ex iis quae utrinque aequalia sunt determinari, unde unobique eade

562 1129 1765 145 Siunt. itaque hic formandu axioma. pro quo Euclides api

578 1183 1765 149 habet postulato superpositionis. Quanquam non vidertur opuser

567 1253 1776 154 hoc postulato. Nam apponet ope prop. 2. apponet recta, rectus

571 1318 1847 138 quod non obsarvabit rerti fliviis quod sciam quando internositione

548 1379 1867 144 superpositionem contra pelerarium defendit. Et posset meum axioma

560 1446 1841 143 ceterminationis demonstrari tali hauspositione, si non universalita

548 1509 1797 152 Sat prop. isoscetium Mrangutoru anguli ad basin sunt inter

562 1579 1865 143 se sunt aequales, quehadmodum et anguli sut pasi. demonstratur

553 1645 1783 142 apuo Eucidem iageniosa sed protixa est. Plavius clavius ostendi super

553 1701 1848 154 ab itione si ACB superponatur ps ABC. ed res ex detma Hacchama

550 1768 1795 152 ipsum methodo nostra determinationis ex comrructione sale

560 1843 1767 175 nam cum triaugnem quiceles Naf1 9B Eri B et C et

522 1915 1896 180 eidem intervallo descubendi ciralos quoru intersectio dat A patet

522 1983 1879 173 eadem fieri utrinque, adeoque et angulo scongruere eodem modo demon

520 2037 1853 184 patitur me ex principio deteminationi, aequi si bini  anguli

501 2100 1886 196 ad basiu aequales esse, et latea aequale, seu Grangula isgona se

511 2179 1904 187 isoscelia. Nam angulis aequalibus educendo BA, et CA, donec concur

501 2233 1851 200 rant in A, patet rem determinari faciendo idem utrobique unde et

494 2359 1114 130 cetera resiltantia aquilia seu conguca

583 2408 1823 149 prop. 6 si anguli trianguli duo ngnli aequales inter se fue

499 2494 1912 145 sint, et aequalibus angalis subtensa latera aequalia inter se runc

518 2559 1902 152 Exhis taa Ex prop. 5 sequi Hoc est quod dixi ifogonatriangulo

527 2641 1697 138 elle Toscelia et pmnloante demonitravi ex deteminatione

581 2706 1694 138 Ex prop. 5. sequitur triantula aequilatera esse aequiapentu

560 2769 1760 143 ex prop. 6. sequitur tiangula ae quiangula ese aequolatera

492 2835 1900 163 Demonstrat Euclides in prop. 5. etiam ab aequaha latera, AB, AC

494 2912 1924 140 angulos etiam sub basi ABC EcB esse aequales Hinc sequitur Euclide

487 2972 1900 154 victualiter hic demonstrare angulis super basin conqualibus age duobus ad

485 3042 1923 147 _ eandem rectam et fasdem partes existencibus aequalilus etiam angul

499 3103 1928 152 deinepps esse aequales sed universalius hoc infra patet. si, duo anguli

487 3164 1903 165 quicunque sint aequales, etiam qui ipsis deinceps esse anquales quia

2079 3217 306 108 Et si ergo

492 3231 1550 150 anguli cum o qui deiveps semper facil 2 rectos 2

513 3297 1865 151 aees Euclides  speciatim hunc casum de impilis

457 3374 1923 144 sub basim aequalibus independentemd monstrare voluent. No

494 3432 1833 173 terat tamen r supersedere opiuor hoc laesor

490 3535 604 133 pu enim credo e

1195 3525 1122 140 opus habet autequa demonsse

480 3630 586 122 duos angulos quisbi

1134 3602 1200 180 cinceps esse aequales duobus rectis.

1988 3675 319 146 prop.7

2971 455 1713 114 demonstrationes Euclideas, ut a Clavio exhibentur

4554 522 116 77 talis

2803 560 1935 135 debolabimus quoad opus et ratio est, ad Calculum situs, quo melius calcalum

2798 681 813 98 calculi Elementa constituamus.

3190 732 416 84 senrecta per centraum

3004 760 1174 129 Diameter, Circulum bifariam secat.  pr

4467 802 269 66 de monstrat

2799 821 1988 159 Haec propositio ab Euclide assamitur in definitione ex primi. Ejus definitioneur _

4446 954 248 63 Circumfercutia

2598 938 1031 121 tanquam  a Thalete  Milesio, exhibet proclus.

4453 998 301 91 circulus A dBE

3492 1015 936 123 (1) sit CA = CY et AB ABd E sit qu Y

3483 1089 903 117 (ut e e idem quod Y A B, R, M sit qu. Y.

3482 1141 1158 149 (2) Circum f. AZBD, erit Y vel A, B, L Merit qu. Y

3494 1234 471 119 (3) AC ACB recta

3463 1253 1205 158 (5) punct in ADB extra A Punctum D quode. sen et

3578 1388 26 58 s

3643 1316 997 140 et ADB dici D. Eodem mode AE B dicetur _E

3461 1351 1303 170 D nod un. ad AB. Ergo (per def. Rectae nostram

2714 1446 2015 187 (()) et que D (5) quicquid omne punctum plani ad partes _ ABd vocetur

3758 1568 74 84 H

3874 1519 852 105 seu omn P. est V sel v. et omne L xd sit V

2885 1572 870 136 et omne ad partes. _ ABE vocetur

3636 1614 208 73 mihi s

3853 1570 913 107 ignificat omne punctum plani Hnic perit planum

4470 1610 303 70 it ert D:

2903 1652 484 119 cimns c, M situ

3195 1619 1172 142 inte con (2) omne est, et omne E est U

2976 1659 1802 198 4) Manente recta, AB sit rigidas semicirculus  AADA tre movento circa Ax AB

2875 1719 1884 213 transferatur in alteram plani partem. Quod fieri potest quia ex nostra rectae definitione

4003 1859 485 117 at (V. AB ~ P. A.B

2665 1787 2101 226 quae ostenditunde constat quicquid in rectam non cadib, ips saluo ad ipsam quiescentem situ moveri

2880 1906 908 154 posse esque traus feratur ABB in A(A) B

2952 1925 1490 196 11) du catur recta essac (D) quae et  dc ad quaedam  A CM

4593 2020 161 75 potet pot

4610 2055 93 68 ut

2943 1962 1842 238 (8)Eadem erit. (_) nam si eD = CA. et C intra (D AB, et sit n 2 CZ et

2810 2051 1762 224 2)ce. fcsetette Nam cls rectae in pra cM, siemi potest major quama

2803 2102 1933 231 9 uam CL (per 1) 4 Ergo est) ergo poect  i  p im C s est partim intra partim A B(A) A

3646 2237 79 75 M

3788 2160 1001 150 num non occurrat iph AB, alioqui recta eg orcurrerer

4073 2219 639 130 dem partes. Eritque aut altera

2908 2312 184 54 arsim ex

3041 2347 68 49 in

3067 2321 51 52 es

3155 2251 416 126 excat coecurrit

3417 2265 558 126 ecta cum etas M it a

4082 2312 98 56 as po

2715 2352 193 121 (10 ergus

3197 2324 878 137 ut coincid m per 1 hic.. Eaqoa altera pars albteo

4059 2328 285 89 BE ~ AMB

2915 2410 37 56 er

2994 2377 290 108 es Es =c

2717 2419 168 133 N (11)

2803 2356 1926 210 (12) Ergo ()  M. adeoque A M B  A (L1B et A M B a A LB. Quod Erat dem.

3356 2487 101 63 i sin

2803 2417 1956 217 (12) si duae recta ant in eadem recta et ed easdem partes ab extremo communi

2824 2473 1853 226 et existant aequales, coincident. seu recta ex centro educta ad unam partem secat

2817 2550 1702 215 circulum in uno tantum puncto. Nam si N recta ex C noccurrat circulo n in

2985 2597 1634 210 schol. in omni linea si ab eodem termino ad vasdem partes educantur

2805 2648 1779 238 diversa lineae portiones linea in eodem seu in eodem ducta, ducantur diversae

2796 2699 1811 262 portiones, una minor prius deinde _ aliam partem addendo producitur major. Adeou

2801 2753 1809 261 aut una portio ab eodem termino lineae eodem tractu sumta alterius pars est, aut

2798 2858 1410 217 aut ambae coincidunt si suit aequales. Hoc assumtum in Num. 10

2903 2912 1688 217 Dignum etiam notatu in ALB, significari A et B esse inter L. Et

2798 3017 1508 179 hinc in ALB M A erit, A et B inter L, itemque A et B inter M

2894 3054 1828 203 caeterum propositio breviss poterat demonstrari, ex sola consideratione

3429 3126 1230 145 ninc   n est  Ate G med. in AB

2796 3229 371 89 determinationis

3209 3213 329 105 erminat AmB

2794 3220 1907 168 et MC = AC. Et in ALB est itidem Ce ed. CABC etCVc AC. Ergo

4677 3297 66 81 tux

2801 3308 1312 157 tore congement e AMBC et E Cele iisdem posito

2815 3334 2012 173 C med. in AB, et A LE = AC. 6 L existente ab uno latere rectae AB determinat ALB

3251 3469 89 63 poc

3377 3451 201 70 eisdem pos

4722 3458 95 65 AMBt

2817 3390 2012 208 Eoda risde positis  sed M existente ab alter latere rctae AB Leterminatur M

2819 3479 1991 170 C med. in AB et  Mc =AC, M existente ab altero latere latera AB determinas

2822 3528 1998 196 Ergo cum no nisi lateribus differant ipsius AB ACB, rectaque ab utroque latere

2682 3679 119 77 pri

2838 3591 1881 179 se habeat eodem modo, congruent ALB et AMB. Rectam abtem ab e

2992 3782 357 57 e extea ipsam

3034 3796 14 39 e

3382 3661 1349 149 cuneus; ex eo patet, quia alioqui punctum ad eam unicum

352 3973 847 66 COTTFRED VILHIEIM LEIBNIIZ BIBLIOTHIEX

4257 3983 406 65 Signatuu. LH 3S. 1. 3. III. I

347 4046 848 70 NIEDERSACHSISCHIE LRNDESBIBLIOTHEN
