<?xml version="1.0" encoding="UTF-8"?>
<alto xmlns:xsi="http://www.w3.org/2001/XMLSchema-instance"
      xmlns="http://www.loc.gov/standards/alto/ns-v4#"
      xsi:schemaLocation="http://www.loc.gov/standards/alto/ns-v4# http://www.loc.gov/standards/alto/v4/alto-4-2.xsd">
  <Description>
    <MeasurementUnit>pixel</MeasurementUnit>
    <sourceImageInformation>
      <fileName>LH_37_3_0109v.jpg</fileName>
      
    </sourceImageInformation>
  </Description>
  
  <Tags>
    <OtherTag ID="BT16575" LABEL="MarginTextZone" DESCRIPTION="block type MarginTextZone"/><OtherTag ID="BT16576" LABEL="DamageZone" DESCRIPTION="block type DamageZone"/><OtherTag ID="BT16577" LABEL="DigitizationArtefactZone" DESCRIPTION="block type DigitizationArtefactZone"/><OtherTag ID="BT16578" LABEL="DropCapitalZone" DESCRIPTION="block type DropCapitalZone"/><OtherTag ID="BT16579" LABEL="GraphicZone" DESCRIPTION="block type GraphicZone"/><OtherTag ID="BT16581" LABEL="NumberingZone" DESCRIPTION="block type NumberingZone"/><OtherTag ID="BT16582" LABEL="QuireMarksZone" DESCRIPTION="block type QuireMarksZone"/><OtherTag ID="BT16583" LABEL="RunningTitleZone" DESCRIPTION="block type RunningTitleZone"/><OtherTag ID="BT16584" LABEL="SealZone" DESCRIPTION="block type SealZone"/><OtherTag ID="BT16585" LABEL="StampZone" DESCRIPTION="block type StampZone"/><OtherTag ID="BT27322" LABEL="text" DESCRIPTION="block type text"/><OtherTag ID="BT27323" LABEL="GraphicZone-formula-inline" DESCRIPTION="block type GraphicZone-formula-inline"/><OtherTag ID="BT27324" LABEL="GraphicZone-formula-complex" DESCRIPTION="block type GraphicZone-formula-complex"/><OtherTag ID="BT27325" LABEL="MainZone" DESCRIPTION="block type MainZone"/><OtherTag ID="BT27326" LABEL="GraphicZone-figure" DESCRIPTION="block type GraphicZone-figure"/><OtherTag ID="BT27327" LABEL="GraphicZone-formula-strikethrough" DESCRIPTION="block type GraphicZone-formula-strikethrough"/>
    <OtherTag ID="LT6926" LABEL="DefaultLine" DESCRIPTION="line type DefaultLine"/><OtherTag ID="LT6927" LABEL="HeadingLine" DESCRIPTION="line type HeadingLine"/><OtherTag ID="LT6928" LABEL="InterlinearLine" DESCRIPTION="line type InterlinearLine"/><OtherTag ID="LT11324" LABEL="default" DESCRIPTION="line type default"/>
  </Tags>
  
  <Layout>
    <Page WIDTH="3246"
          HEIGHT="4788"
          PHYSICAL_IMG_NR="288"
          ID="eSc_dummypage_">
      <PrintSpace HPOS="0"
                  VPOS="0"
                  WIDTH="3246"
                  HEIGHT="4788">
        
        <TextBlock HPOS="72"
                   VPOS="126"
                   WIDTH="2331"
                   HEIGHT="4584"
                   ID="r6"
                   TAGREFS="BT27325">
          <Shape><Polygon POINTS="128 1334 118 1614 91 1971 110 2363 108 2941 116 3527 115 3646 162 3928 135 4337 192 4652 1125 4646 1398 4710 1579 4667 1879 4619 1866 4404 2016 4396 2005 4272 1814 4251 1788 3774 1864 3586 1760 3310 2366 3356 2403 3248 2390 3245 2225 3222 2134 3226 2098 3220 2070 3221 2046 3212 2046 3212 2027 3238 1937 3237 1878 3238 1878 3233 1866 3218 1823 3213 1795 3170 1928 2967 1868 1632 2055 1581 2058 1438 1783 1417 1802 1035 1906 889 1737 438 1675 254 1593 126 72 128"/></Shape>
          
          
          <TextLine ID="eSc_line_f3ede012"
                    TAGREFS="LT11324"
                    BASELINE="87 212 758 180 1585 175" 
                    HPOS="85"
                    VPOS="126"
                    WIDTH="1500"
                    HEIGHT="126">
            <Shape><Polygon POINTS="1463 133 1450 126 1365 126 1351 138 1327 138 1317 127 1316 126 1265 126 1263 127 1258 130 1255 127 1254 126 1122 127 1117 130 1109 127 1044 127 1037 133 1019 127 761 127 739 140 561 140 558 140 556 140 553 140 553 143 550 143 545 151 542 154 526 151 373 128 362 128 244 162 90 164 85 175 87 212 87 236 199 252 202 252 204 252 236 236 255 226 585 218 633 231 665 242 667 242 670 242 673 242 715 231 790 212 928 212 955 228 960 234 963 234 965 234 968 234 971 234 992 228 1048 212 1109 226 1133 231 1136 231 1138 231 1141 231 1146 226 1157 218 1207 226 1215 226 1218 226 1221 226 1223 226 1258 202 1311 215 1314 215 1317 215 1319 215 1346 204 1372 223 1375 223 1378 223 1380 223 1585 220 1585 175 1577 126 1514 126"/></Shape>
	    <String CONTENT="aere interno cpr dilatato externus"
                    HPOS="85"
                    VPOS="126"
                    WIDTH="1500"
                    HEIGHT="126"
                    WC="0.9681303781621596"></String>
          </TextLine>

          
          
          <TextLine ID="eSc_line_b5955310"
                    TAGREFS="LT11324"
                    BASELINE="95 316 667 284 1665 263" 
                    HPOS="93"
                    VPOS="196"
                    WIDTH="1572"
                    HEIGHT="160">
            <Shape><Polygon POINTS="1593 226 1487 223 1455 204 1434 196 1431 196 1428 196 1426 196 1402 207 1362 228 1255 220 1253 220 1157 239 1098 223 1053 210 1050 210 1048 210 713 218 710 218 646 244 617 258 444 260 401 260 396 255 364 228 361 228 359 228 356 228 353 228 351 228 311 260 303 263 266 263 138 255 135 255 133 255 93 266 95 316 95 348 180 356 183 356 186 356 226 345 271 335 303 345 324 351 327 351 329 351 332 351 351 343 385 329 436 340 460 345 462 345 465 345 468 345 468 343 473 340 494 316 540 316 598 316 625 337 627 340 630 340 633 340 635 340 638 340 657 335 705 324 768 332 787 335 790 335 792 335 795 335 798 332 843 305 1072 300 1125 324 1130 327 1133 327 1136 327 1250 324 1253 324 1255 324 1258 321 1293 300 1348 311 1351 311 1354 311 1356 311 1356 308 1372 295 1410 319 1412 319 1415 319 1418 319 1420 319 1426 319 1508 297 1662 311 1665 263 1660 230 1641 201"/></Shape>
	    <String CONTENT="eum introrsum pellet; utrumque fiet donec"
                    HPOS="93"
                    VPOS="196"
                    WIDTH="1572"
                    HEIGHT="160"
                    WC="0.9883379994369135"></String>
          </TextLine>

          
          
          <TextLine ID="eSc_line_e162f1b9"
                    TAGREFS="LT11324"
                    BASELINE="103 417 1096 364 1652 356" 
                    HPOS="101"
                    VPOS="297"
                    WIDTH="1551"
                    HEIGHT="157">
            <Shape><Polygon POINTS="103 436 141 452 143 452 146 452 244 433 263 430 268 433 303 454 305 454 308 454 311 454 313 454 361 430 372 425 614 414 633 425 641 430 643 430 646 430 649 430 651 430 654 430 662 425 675 414 702 422 758 441 760 441 763 441 766 441 827 422 872 430 875 430 878 430 904 420 952 399 1154 412 1157 412 1160 412 1162 412 1199 388 1269 391 1298 409 1303 414 1306 414 1309 414 1311 414 1364 409 1495 393 1649 401 1652 356 1646 305 1484 297 1481 297 1479 297 1476 297 1476 300 1463 311 1431 300 1428 300 1426 300 1423 300 1396 313 1221 308 1218 308 1112 324 1042 305 1040 305 973 305 971 305 968 305 965 305 965 308 947 324 822 311 819 311 816 311 678 345 521 324 518 324 409 329 407 329 353 356 292 345 290 345 287 345 284 345 284 348 282 348 268 367 223 367 191 351 188 351 186 351 183 351 101 372 103 417"/></Shape>
	    <String CONTENT="eousque donec attitudo tensio compressiore"
                    HPOS="101"
                    VPOS="297"
                    WIDTH="1551"
                    HEIGHT="157"
                    WC="0.9729593630347934"></String>
          </TextLine>

          
          
          <TextLine ID="eSc_line_3483b281"
                    TAGREFS="LT11324"
                    BASELINE="122 510 928 462 1638 441" 
                    HPOS="119"
                    VPOS="377"
                    WIDTH="1519"
                    HEIGHT="173">
            <Shape><Polygon POINTS="122 537 148 550 151 550 154 550 156 550 159 550 180 532 231 550 234 550 236 550 239 550 297 529 345 545 348 545 351 545 407 542 409 542 412 542 412 539 415 539 425 524 521 537 524 537 683 513 715 508 729 510 782 524 784 524 787 524 790 524 846 505 867 497 987 494 1000 500 1029 513 1032 513 1034 513 1176 505 1178 505 1205 492 1215 486 1226 492 1253 500 1255 500 1258 500 1261 500 1263 500 1279 489 1293 478 1458 473 1497 481 1548 489 1551 489 1638 473 1638 441 1633 393 1489 377 1487 377 1484 377 1420 404 1420 406 1378 406 1375 406 1354 388 1351 388 1348 388 1346 388 1343 388 1340 388 1311 409 1255 393 1253 393 1250 393 1247 393 1245 393 1218 412 1189 396 1186 396 1183 396 1181 396 1144 417 1120 396 1117 396 1114 396 1112 396 1029 399 931 404 928 404 925 404 888 428 699 414 697 414 694 414 691 414 651 438 574 428 572 428 401 452 300 433 297 433 295 433 292 433 292 436 271 457 194 438 191 438 188 438 119 462 122 510"/></Shape>
	    <String CONTENT="seu status aeris interni reductus sit ad statum"
                    HPOS="119"
                    VPOS="377"
                    WIDTH="1519"
                    HEIGHT="173"
                    WC="0.9892941244105076"></String>
          </TextLine>

          
          
          <TextLine ID="eSc_line_55c60c6f"
                    TAGREFS="LT11324"
                    BASELINE="164 590 1737 534" 
                    HPOS="159"
                    VPOS="468"
                    WIDTH="1578"
                    HEIGHT="178">
            <Shape><Polygon POINTS="164 643 343 646 345 646 348 646 369 635 407 617 460 630 497 641 500 641 502 641 603 625 654 617 686 622 760 633 763 633 766 633 827 614 891 595 931 609 944 614 947 614 949 614 952 614 955 614 963 609 992 587 1133 587 1154 598 1162 606 1165 606 1168 606 1170 606 1173 606 1191 598 1221 582 1250 595 1290 611 1293 611 1295 614 1362 614 1362 611 1364 611 1367 611 1367 609 1391 587 1399 579 1460 574 1487 585 1519 595 1521 595 1524 595 1527 595 1529 595 1545 582 1559 571 1569 579 1575 585 1577 585 1580 585 1583 585 1585 585 1612 579 1628 574 1633 577 1660 598 1662 598 1665 598 1668 598 1670 598 1673 598 1702 574 1710 569 1734 571 1737 534 1734 492 1670 468 1668 468 1665 468 1402 478 1399 478 1396 478 1372 494 1213 484 1210 484 1207 484 1117 513 899 516 872 497 870 497 867 497 864 497 862 497 859 497 859 500 843 513 792 500 790 500 787 500 784 500 782 500 744 524 721 508 718 508 715 508 713 508 611 529 585 516 582 516 580 516 577 516 532 534 329 537 292 518 290 518 287 518 159 545 164 590"/></Shape>
	    <String CONTENT="aeris ordinarii seu externi. Nec referet "
                    HPOS="159"
                    VPOS="468"
                    WIDTH="1578"
                    HEIGHT="178"
                    WC="0.9849565276285497"></String>
          </TextLine>

          
          
          <TextLine ID="eSc_line_0ed2a3e8"
                    TAGREFS="LT11324"
                    BASELINE="122 704 936 657 1766 630" 
                    HPOS="119"
                    VPOS="555"
                    WIDTH="1647"
                    HEIGHT="195">
            <Shape><Polygon POINTS="125 750 242 734 423 736 454 736 457 736 460 736 462 734 513 710 683 726 707 726 710 726 713 726 715 726 715 723 718 723 739 699 867 694 933 712 941 715 944 715 947 715 949 715 960 712 1011 691 1138 696 1141 696 1144 696 1186 678 1277 686 1279 686 1364 670 1455 688 1474 691 1476 691 1479 691 1487 686 1535 662 1764 672 1766 630 1758 555 1580 582 1545 566 1543 566 1540 566 1537 566 1535 566 1532 566 1529 569 1492 593 1426 574 1412 571 1410 571 1407 571 1370 574 1367 574 1364 574 1364 577 1362 579 1340 601 1290 582 1279 579 1277 579 1274 579 1176 582 1173 582 1170 582 1157 590 1149 595 1109 595 1058 593 1056 593 1053 593 1037 598 992 617 848 611 846 611 843 611 681 630 665 622 649 609 646 609 643 609 641 609 638 609 635 609 617 625 603 635 524 635 510 630 468 614 465 614 462 614 460 614 417 638 404 643 369 641 311 633 308 633 305 633 303 633 290 643 282 651 119 654 122 704"/></Shape>
	    <String CONTENT="quo in situ recto, an perpendiculari, homizontali"
                    HPOS="119"
                    VPOS="555"
                    WIDTH="1647"
                    HEIGHT="195"
                    WC="0.9913276214988864"></String>
          </TextLine>

          
          
          <TextLine ID="eSc_line_17d07ef3"
                    TAGREFS="LT11324"
                    BASELINE="146 798 1356 731 1702 720" 
                    HPOS="143"
                    VPOS="654"
                    WIDTH="1559"
                    HEIGHT="173">
            <Shape><Polygon POINTS="146 827 247 813 279 824 290 827 292 827 295 827 324 821 383 811 446 816 494 819 497 819 532 811 598 795 625 808 633 811 635 811 638 811 766 803 768 803 771 803 774 800 800 784 832 798 838 798 840 798 843 798 846 798 854 795 915 779 1013 787 1042 790 1045 790 1069 784 1149 766 1229 776 1247 779 1250 779 1295 774 1471 750 1537 763 1548 763 1551 763 1553 763 1559 760 1599 742 1620 758 1622 758 1625 758 1628 758 1702 752 1702 720 1697 672 1596 654 1593 654 1505 659 1503 659 1439 686 1436 688 1340 691 1338 691 1319 678 1317 678 1314 678 1311 678 1309 678 1306 678 1306 680 1293 694 1247 672 1245 672 1242 672 1098 704 1090 704 1085 704 976 688 973 688 971 688 968 688 931 712 870 696 867 696 864 696 862 696 814 712 798 696 795 696 792 696 790 696 721 702 718 702 715 702 686 723 444 715 441 715 319 744 266 731 263 731 260 731 258 731 255 731 255 734 236 752 143 755 146 798"/></Shape>
	    <String CONTENT="an inclinato tubus statuatur. Ratio manifesta"
                    HPOS="143"
                    VPOS="654"
                    WIDTH="1559"
                    HEIGHT="173"
                    WC="0.9898489170604282"></String>
          </TextLine>

          
          
          <TextLine ID="eSc_line_efce740b"
                    TAGREFS="LT11324"
                    BASELINE="1069 798 1162 790" 
                    HPOS="1064"
                    VPOS="744"
                    WIDTH="98"
                    HEIGHT="83">
            <Shape><Polygon POINTS="1117 744 1090 747 1064 750 1069 798 1072 827 1162 813 1162 790 1154 744 1144 744"/></Shape>
	    <String CONTENT="etia"
                    HPOS="1064"
                    VPOS="744"
                    WIDTH="98"
                    HEIGHT="83"
                    WC="0.9002878814935684"></String>
          </TextLine>

          
          
          <TextLine ID="eSc_line_bc4ff269"
                    TAGREFS="LT11324"
                    BASELINE="138 893 1327 835 1732 827" 
                    HPOS="133"
                    VPOS="750"
                    WIDTH="1599"
                    HEIGHT="196">
            <Shape><Polygon POINTS="141 946 367 938 369 938 383 931 409 917 446 928 468 933 470 933 473 933 476 933 494 925 545 896 715 891 755 907 758 907 760 907 768 907 859 891 915 896 1000 907 1003 907 1005 907 1008 907 1032 891 1114 904 1117 904 1120 904 1189 880 1215 869 1247 875 1317 888 1319 888 1322 888 1391 864 1412 859 1420 864 1447 883 1450 883 1452 883 1455 883 1458 883 1460 883 1460 880 1463 880 1471 869 1678 869 1681 869 1684 869 1732 843 1732 827 1724 750 1513 755 1511 755 1497 763 1452 787 1415 766 1402 760 1399 760 1396 760 1261 768 1258 768 1255 768 1245 776 1218 800 1064 803 1045 790 1032 779 1029 779 1027 779 1024 779 1021 779 1019 779 1000 792 979 805 963 795 949 784 947 784 944 784 896 784 893 784 891 784 854 800 819 816 771 805 707 792 705 792 702 792 699 792 667 811 643 824 532 819 361 813 359 813 356 813 316 832 300 843 133 843 138 893"/></Shape>
	    <String CONTENT="est ex dictis. Nec referet quanta sit altitudo"
                    HPOS="133"
                    VPOS="750"
                    WIDTH="1599"
                    HEIGHT="196"
                    WC="0.9626939309679944"></String>
          </TextLine>

          
          
          <TextLine ID="eSc_line_6ca0cef0"
                    TAGREFS="LT11324"
                    BASELINE="172 994 611 965 1862 915" 
                    HPOS="170"
                    VPOS="843"
                    WIDTH="1692"
                    HEIGHT="202">
            <Shape><Polygon POINTS="1748 848 1745 848 1742 848 1708 867 1665 853 1654 851 1652 851 1649 851 1428 861 1426 861 1423 861 1415 869 1391 888 1322 875 1282 867 1279 867 1277 867 1231 880 1157 901 1117 888 1106 883 1104 883 1101 883 1098 883 1096 883 1090 888 1069 904 960 896 939 896 936 896 933 896 920 899 872 912 848 904 835 899 832 899 830 899 827 899 811 907 784 917 747 909 697 899 694 899 691 899 689 899 670 915 659 923 609 917 497 907 494 907 492 907 454 925 420 909 417 909 415 909 412 909 364 933 353 938 170 944 172 994 172 1045 228 1045 231 1045 234 1045 266 1018 417 1032 420 1032 423 1032 425 1032 425 1029 444 1013 462 1024 465 1024 468 1024 470 1024 473 1024 476 1024 476 1021 500 1000 611 994 657 1013 659 1013 662 1013 747 994 776 1018 779 1018 782 1018 784 1021 835 1021 838 1021 838 1018 840 1018 843 1018 885 986 963 984 1090 1008 1093 1008 1096 1008 1138 1005 1141 1005 1144 1005 1144 1002 1173 973 1258 978 1261 978 1346 962 1367 976 1370 976 1372 976 1375 976 1378 976 1380 976 1402 960 1529 978 1532 978 1535 978 1588 952 1625 952 1660 981 1662 981 1665 981 1668 981 1846 974 1862 951 1862 915 1854 843 1851 843"/></Shape>
	    <String CONTENT="Mercurii, dummodo sit minor pollicibus dictis, 27, (30)"
                    HPOS="170"
                    VPOS="843"
                    WIDTH="1692"
                    HEIGHT="202"
                    WC="0.9865692539648576"></String>
          </TextLine>

          
          
          <TextLine ID="eSc_line_a760edea"
                    TAGREFS="LT11324"
                    BASELINE="167 1087 1798 997" 
                    HPOS="164"
                    VPOS="941"
                    WIDTH="1634"
                    HEIGHT="189">
            <Shape><Polygon POINTS="167 1130 279 1106 351 1125 353 1125 356 1125 359 1125 372 1122 505 1093 619 1106 622 1106 625 1106 697 1082 742 1082 766 1101 766 1103 768 1103 771 1103 774 1103 888 1098 891 1098 899 1095 984 1066 1066 1087 1074 1087 1077 1087 1317 1074 1319 1074 1322 1074 1362 1045 1415 1042 1545 1056 1548 1056 1551 1056 1593 1034 1713 1032 1798 1048 1798 997 1787 941 1737 962 1628 952 1622 952 1620 952 1617 952 1615 952 1593 970 1564 960 1561 960 1559 960 1556 960 1553 960 1553 962 1540 973 1426 968 1423 968 1420 968 1354 984 1322 970 1311 968 1309 968 1306 968 1271 976 1202 992 1096 986 1024 984 1021 984 971 994 915 1008 854 1002 782 997 779 997 776 997 747 1010 729 1018 675 1016 614 1010 611 1010 415 1032 343 1040 335 1037 303 1024 300 1024 297 1024 164 1048 167 1087"/></Shape>
	    <String CONTENT="idem enim evencet, sive  duorum triumve"
                    HPOS="164"
                    VPOS="941"
                    WIDTH="1634"
                    HEIGHT="189"
                    WC="0.9410503048163193"></String>
          </TextLine>

          
          
          <TextLine ID="eSc_line_54f165e2"
                    TAGREFS="LT11324"
                    BASELINE="143 1170 1673 1098" 
                    HPOS="138"
                    VPOS="1048"
                    WIDTH="1535"
                    HEIGHT="162">
            <Shape><Polygon POINTS="143 1191 292 1207 295 1207 297 1207 300 1207 300 1204 319 1189 324 1183 364 1183 372 1186 420 1210 423 1210 425 1210 529 1204 532 1204 534 1204 558 1186 633 1199 635 1199 638 1199 694 1178 715 1170 734 1178 755 1186 758 1186 760 1186 763 1186 795 1175 830 1165 955 1170 1082 1178 1085 1178 1088 1178 1090 1178 1090 1175 1093 1175 1098 1167 1112 1151 1141 1167 1160 1175 1162 1175 1165 1175 1168 1175 1191 1165 1221 1154 1317 1154 1317 1151 1319 1151 1322 1151 1322 1149 1338 1133 1450 1130 1466 1143 1468 1143 1471 1143 1474 1143 1476 1143 1479 1143 1505 1127 1673 1151 1673 1098 1670 1058 1436 1048 1434 1048 1431 1048 1428 1048 1428 1050 1412 1066 1410 1069 1399 1066 1317 1053 1314 1053 1311 1053 1266 1071 1253 1079 1106 1082 1098 1079 1072 1066 1069 1066 1066 1066 971 1085 917 1095 792 1095 782 1090 758 1079 755 1079 752 1079 750 1079 715 1093 673 1085 670 1085 667 1085 665 1085 649 1095 633 1106 611 1098 585 1087 582 1087 580 1087 521 1101 462 1114 372 1106 300 1101 297 1101 138 1114 143 1170"/></Shape>
	    <String CONTENT="sivedeceaut viginti pollicum."
                    HPOS="138"
                    VPOS="1048"
                    WIDTH="1535"
                    HEIGHT="162"
                    WC="0.9715725389020197"></String>
          </TextLine>

          
          
          <TextLine ID="eSc_line_3d2140a6"
                    TAGREFS="LT11324"
                    BASELINE="159 1268 939 1220 1726 1197" 
                    HPOS="154"
                    VPOS="1135"
                    WIDTH="1572"
                    HEIGHT="181">
            <Shape><Polygon POINTS="159 1303 239 1316 242 1316 244 1316 247 1316 268 1298 290 1282 324 1295 367 1311 369 1311 372 1311 508 1306 510 1306 609 1279 611 1279 649 1290 651 1290 654 1290 657 1290 686 1274 699 1266 912 1252 944 1260 1027 1282 1029 1282 1032 1282 1034 1282 1037 1282 1085 1252 1101 1242 1149 1242 1210 1242 1215 1244 1239 1266 1242 1266 1245 1266 1247 1266 1250 1266 1319 1244 1362 1260 1364 1260 1367 1263 1497 1263 1497 1260 1500 1260 1559 1239 1673 1244 1676 1244 1678 1244 1681 1244 1726 1215 1726 1197 1724 1151 1543 1143 1540 1143 1537 1143 1492 1157 1484 1159 1481 1157 1460 1143 1458 1143 1455 1143 1452 1143 1450 1143 1415 1157 1319 1135 1317 1135 1234 1141 1231 1141 1178 1167 1168 1173 1160 1167 1109 1146 1106 1146 1104 1146 1101 1146 1098 1146 1098 1149 1074 1170 1069 1178 1029 1181 995 1173 912 1154 909 1154 907 1154 856 1178 832 1189 811 1181 768 1162 766 1162 763 1162 760 1162 758 1162 758 1165 755 1165 742 1181 731 1197 622 1199 601 1186 577 1170 574 1170 572 1170 569 1170 566 1170 505 1189 444 1207 407 1197 404 1197 401 1197 399 1197 396 1197 380 1210 359 1194 348 1186 345 1186 343 1186 340 1186 337 1186 335 1186 324 1194 300 1212 274 1197 258 1186 255 1186 252 1186 250 1186 154 1199 159 1268"/></Shape>
	    <String CONTENT="sit Mercurius, diummodo illeo altitudinquae aeri"
                    HPOS="154"
                    VPOS="1135"
                    WIDTH="1572"
                    HEIGHT="181"
                    WC="0.9428334484497706"></String>
          </TextLine>

          
          
          <TextLine ID="eSc_line_ee36a8f5"
                    TAGREFS="LT11324"
                    BASELINE="148 1351 920 1337 1710 1298" 
                    HPOS="143"
                    VPOS="1239"
                    WIDTH="1567"
                    HEIGHT="176">
            <Shape><Polygon POINTS="148 1393 212 1415 215 1415 218 1415 220 1415 268 1388 460 1375 470 1380 505 1404 508 1404 510 1404 513 1404 611 1401 614 1401 665 1375 814 1377 816 1377 819 1377 843 1367 851 1361 867 1364 973 1388 976 1388 1077 1385 1080 1385 1082 1385 1114 1361 1194 1372 1197 1372 1199 1372 1202 1372 1237 1348 1242 1345 1311 1345 1314 1345 1383 1375 1386 1375 1388 1375 1391 1375 1471 1340 1474 1340 1644 1361 1646 1361 1649 1361 1710 1330 1710 1298 1694 1242 1684 1255 1652 1242 1638 1239 1636 1239 1633 1239 1495 1244 1492 1244 1489 1244 1484 1247 1436 1276 1340 1258 1338 1258 1335 1258 1263 1284 1069 1292 1037 1292 1003 1263 1003 1260 1000 1260 997 1260 995 1260 992 1260 987 1263 925 1295 838 1298 718 1271 713 1271 710 1271 707 1271 705 1271 635 1303 526 1282 524 1282 521 1282 518 1282 492 1303 359 1287 356 1287 353 1287 295 1311 260 1287 258 1287 255 1287 252 1287 250 1287 247 1287 215 1311 188 1290 186 1290 183 1290 143 1290 148 1351"/></Shape>
	    <String CONTENT="externo aequiponderare potest, non ascendatur"
                    HPOS="143"
                    VPOS="1239"
                    WIDTH="1567"
                    HEIGHT="176"
                    WC="0.9358517315652636"></String>
          </TextLine>

          
          
          <TextLine ID="eSc_line_8ef0241c"
                    TAGREFS="LT11324"
                    BASELINE="252 1460 643 1447 973 1455 1322 1425 1732 1412" 
                    HPOS="247"
                    VPOS="1348"
                    WIDTH="1485"
                    HEIGHT="170">
            <Shape><Polygon POINTS="252 1518 332 1518 335 1518 337 1518 415 1484 654 1478 713 1500 729 1505 731 1505 734 1505 737 1505 771 1497 822 1484 872 1492 920 1497 923 1497 925 1497 971 1486 1011 1476 1027 1484 1048 1494 1050 1494 1053 1494 1136 1492 1213 1486 1215 1486 1218 1486 1237 1473 1242 1468 1253 1470 1293 1486 1295 1486 1298 1486 1301 1486 1303 1486 1303 1484 1306 1484 1317 1468 1325 1460 1378 1455 1452 1463 1497 1465 1500 1465 1537 1457 1575 1449 1596 1455 1646 1468 1649 1468 1652 1468 1654 1468 1732 1447 1732 1412 1721 1348 1660 1372 1564 1356 1561 1356 1559 1356 1556 1356 1532 1377 1484 1353 1476 1351 1474 1351 1471 1351 1468 1351 1450 1356 1391 1372 1370 1359 1364 1353 1362 1353 1359 1353 1301 1353 1298 1353 1295 1353 1277 1361 1213 1385 1162 1364 1152 1359 1149 1359 1146 1359 1098 1364 1064 1372 1061 1372 1058 1372 1058 1375 1040 1393 1000 1393 971 1369 968 1367 965 1367 963 1367 960 1367 957 1367 955 1367 955 1369 952 1369 923 1399 891 1399 827 1372 816 1369 814 1369 811 1369 808 1369 806 1369 800 1375 755 1404 681 1404 643 1383 641 1383 638 1383 635 1383 484 1415 404 1415 372 1385 369 1385 367 1385 364 1385 247 1388 252 1460"/></Shape>
	    <String CONTENT="Experim. VII. Si si Tubus peMercurium"
                    HPOS="247"
                    VPOS="1348"
                    WIDTH="1485"
                    HEIGHT="170"
                    WC="0.9566285529652158"></String>
          </TextLine>

          
          
          <TextLine ID="eSc_line_802b3acb"
                    TAGREFS="LT11324"
                    BASELINE="135 1564 784 1550 1428 1516 2038 1505" 
                    HPOS="133"
                    VPOS="1439"
                    WIDTH="1905"
                    HEIGHT="180">
            <Shape><Polygon POINTS="135 1611 186 1619 188 1619 191 1619 220 1609 266 1596 316 1606 351 1614 353 1614 433 1603 478 1598 508 1601 556 1609 558 1609 707 1596 782 1590 883 1590 1077 1593 1080 1593 1082 1593 1114 1585 1181 1566 1370 1572 1372 1572 1508 1556 1572 1572 1583 1572 1585 1572 1588 1572 1591 1572 1591 1569 1617 1550 1740 1550 1787 1564 1803 1569 1806 1569 1809 1569 2038 1556 2038 1505 2027 1444 1968 1465 1947 1447 1942 1441 1939 1441 1936 1441 1857 1439 1854 1439 1851 1439 1849 1439 1830 1452 1819 1457 1801 1452 1756 1441 1753 1441 1750 1441 1372 1455 1370 1455 1367 1455 1343 1473 1335 1478 1327 1473 1317 1465 1314 1465 1311 1465 1309 1465 1306 1465 1285 1473 1266 1481 1245 1476 1221 1470 1218 1470 1215 1470 1213 1470 1186 1478 1144 1492 1061 1484 981 1476 979 1476 976 1476 933 1489 891 1505 436 1516 417 1510 391 1502 388 1502 385 1502 383 1502 361 1513 356 1516 340 1513 247 1500 244 1500 242 1500 239 1500 207 1518 202 1524 196 1521 186 1510 183 1510 180 1510 178 1510 175 1510 133 1521 135 1564"/></Shape>
	    <String CONTENT="Ex dictis sequitur etiam praxis construendi Instrumenti"
                    HPOS="133"
                    VPOS="1439"
                    WIDTH="1905"
                    HEIGHT="180"
                    WC="0.990335674719377"></String>
          </TextLine>

          
          
          <TextLine ID="eSc_line_f8fd5706"
                    TAGREFS="LT11324"
                    BASELINE="156 1654 1835 1598" 
                    HPOS="154"
                    VPOS="1540"
                    WIDTH="1681"
                    HEIGHT="173">
            <Shape><Polygon POINTS="156 1713 436 1691 457 1699 468 1705 470 1705 473 1705 476 1705 489 1699 510 1689 548 1694 550 1694 553 1694 556 1694 556 1691 582 1665 681 1665 721 1686 737 1694 739 1694 742 1694 875 1691 878 1691 880 1691 904 1675 907 1675 909 1675 949 1689 952 1689 955 1689 957 1689 960 1689 960 1686 976 1673 987 1662 1112 1662 1114 1665 1125 1673 1125 1675 1128 1675 1130 1675 1133 1675 1136 1675 1162 1662 1178 1654 1255 1657 1319 1659 1322 1659 1325 1659 1327 1659 1335 1654 1356 1641 1388 1651 1394 1651 1396 1651 1399 1651 1420 1649 1474 1638 1492 1643 1521 1657 1524 1657 1527 1657 1529 1657 1583 1641 1596 1635 1599 1638 1609 1649 1612 1649 1615 1649 1617 1649 1620 1649 1622 1649 1638 1635 1646 1630 1833 1625 1835 1598 1830 1564 1676 1540 1673 1540 1670 1540 1668 1540 1668 1542 1638 1569 1545 1569 1519 1548 1519 1545 1516 1545 1513 1545 1511 1545 1269 1574 1202 1556 1199 1556 1197 1556 1194 1556 1112 1585 1109 1585 1074 1574 1072 1574 1069 1574 957 1590 949 1593 864 1593 862 1593 795 1569 792 1569 790 1569 787 1569 707 1593 529 1590 526 1590 433 1606 401 1593 399 1593 396 1593 393 1593 391 1593 372 1609 345 1590 343 1590 340 1590 234 1588 231 1588 228 1588 154 1611 156 1654"/></Shape>
	    <String CONTENT="inclinationum cujus ope scilicet sine calculo acdm"
                    HPOS="154"
                    VPOS="1540"
                    WIDTH="1681"
                    HEIGHT="173"
                    WC="0.9919666218757629"></String>
          </TextLine>

          
          
          <TextLine ID="eSc_line_34ed948c"
                    TAGREFS="LT11324"
                    BASELINE="141 1744 1849 1697" 
                    HPOS="138"
                    VPOS="1630"
                    WIDTH="1711"
                    HEIGHT="168">
            <Shape><Polygon POINTS="141 1787 223 1795 226 1795 228 1795 231 1795 242 1787 260 1768 287 1784 303 1795 305 1795 308 1795 372 1798 375 1798 377 1798 409 1782 433 1768 513 1776 516 1776 518 1776 580 1760 603 1776 625 1792 627 1792 630 1792 633 1795 675 1795 675 1792 678 1792 681 1792 705 1774 734 1755 843 1771 872 1774 875 1774 878 1774 880 1774 885 1768 917 1747 1088 1744 1138 1763 1178 1779 1181 1779 1183 1779 1226 1776 1229 1776 1231 1776 1253 1760 1279 1742 1303 1760 1322 1774 1325 1774 1327 1774 1330 1776 1375 1776 1375 1774 1378 1774 1418 1758 1442 1768 1444 1768 1447 1768 1450 1768 1452 1768 1466 1755 1492 1734 1596 1752 1665 1763 1668 1763 1849 1744 1849 1697 1838 1630 1748 1657 1596 1638 1561 1635 1559 1635 1532 1641 1434 1665 1325 1649 1277 1643 1274 1643 1271 1643 1239 1651 1170 1673 1120 1657 1093 1649 1090 1649 1088 1649 1085 1649 1082 1649 1082 1651 1074 1659 1069 1662 1058 1659 1027 1651 1024 1651 1021 1651 1019 1651 1016 1651 1005 1662 987 1678 933 1665 904 1657 901 1657 899 1657 896 1657 893 1657 893 1659 885 1667 872 1683 707 1683 689 1673 683 1670 681 1670 678 1670 675 1670 673 1670 659 1675 630 1686 582 1678 518 1667 516 1667 513 1667 510 1667 494 1681 481 1691 441 1683 401 1675 399 1675 396 1675 372 1686 353 1694 324 1689 287 1681 284 1681 282 1681 263 1691 250 1697 138 1697 141 1744"/></Shape>
	    <String CONTENT="mensuratione ex aspectu disci possit, quis sit angulus"
                    HPOS="138"
                    VPOS="1630"
                    WIDTH="1711"
                    HEIGHT="168"
                    WC="0.994272357887692"></String>
          </TextLine>

          
          
          <TextLine ID="eSc_line_21502b03"
                    TAGREFS="LT11324"
                    BASELINE="968 1766 1034 1760" 
                    HPOS="963"
                    VPOS="1729"
                    WIDTH="71"
                    HEIGHT="63">
            <Shape><Polygon POINTS="968 1790 1032 1792 1034 1760 1029 1729 963 1729 968 1766"/></Shape>
	    <String CONTENT="nt"
                    HPOS="963"
                    VPOS="1729"
                    WIDTH="71"
                    HEIGHT="63"
                    WC="0.976873368024826"></String>
          </TextLine>

          
          
          <TextLine ID="eSc_line_83fdce2a"
                    TAGREFS="LT11324"
                    BASELINE="151 1843 582 1819 1793 1787" 
                    HPOS="148"
                    VPOS="1729"
                    WIDTH="1645"
                    HEIGHT="151">
            <Shape><Polygon POINTS="151 1864 290 1880 292 1880 295 1880 297 1880 327 1862 332 1859 359 1862 476 1869 478 1869 481 1869 516 1856 532 1848 657 1846 691 1854 774 1869 776 1869 854 1867 856 1867 859 1867 859 1864 878 1848 891 1838 936 1846 1016 1862 1019 1862 1021 1862 1082 1843 1093 1840 1101 1843 1149 1856 1152 1856 1154 1856 1157 1856 1197 1840 1205 1838 1218 1840 1263 1848 1266 1848 1269 1848 1301 1838 1343 1824 1396 1835 1426 1840 1428 1840 1431 1840 1455 1835 1508 1819 1553 1832 1593 1843 1596 1843 1599 1843 1793 1824 1793 1787 1787 1750 1567 1750 1497 1729 1495 1729 1492 1729 1489 1729 1447 1747 1423 1736 1420 1736 1418 1736 1415 1736 1412 1736 1412 1739 1394 1760 1391 1763 1340 1763 1338 1760 1301 1736 1298 1736 1295 1736 1293 1736 1290 1736 1213 1763 1205 1766 1170 1766 1154 1766 1133 1747 1133 1744 1130 1744 1128 1744 1125 1744 1122 1744 1077 1768 1072 1771 893 1774 888 1774 846 1758 843 1758 840 1758 838 1758 774 1776 771 1776 742 1752 739 1752 737 1752 734 1752 731 1752 651 1779 646 1782 643 1779 601 1755 598 1755 595 1755 593 1755 470 1774 420 1760 417 1760 415 1760 412 1760 353 1784 247 1766 244 1766 242 1766 239 1766 196 1792 194 1795 148 1795 151 1843"/></Shape>
	    <String CONTENT="inclinationis; et qiquae vis inclinati in compara"
                    HPOS="148"
                    VPOS="1729"
                    WIDTH="1645"
                    HEIGHT="151"
                    WC="0.9850921302425618"></String>
          </TextLine>

          
          
          <TextLine ID="eSc_line_6af7bd12"
                    TAGREFS="LT11324"
                    BASELINE="109 1947 518 1915 1676 1869" 
                    HPOS="106"
                    VPOS="1808"
                    WIDTH="1570"
                    HEIGHT="179">
            <Shape><Polygon POINTS="109 1947 111 1987 191 1963 212 1981 215 1981 218 1981 220 1981 292 1979 295 1979 300 1976 353 1952 433 1952 462 1968 470 1971 473 1971 476 1971 478 1971 502 1965 585 1941 683 1939 718 1952 731 1957 734 1957 737 1957 739 1957 771 1949 846 1931 923 1941 952 1944 955 1944 992 1936 1048 1925 1064 1933 1085 1944 1088 1944 1090 1944 1093 1944 1160 1928 1213 1915 1263 1920 1301 1925 1303 1925 1343 1917 1378 1909 1396 1915 1450 1928 1452 1928 1455 1928 1513 1925 1516 1925 1519 1925 1519 1923 1537 1907 1540 1904 1551 1904 1652 1917 1654 1917 1657 1917 1660 1917 1676 1901 1676 1869 1668 1822 1524 1827 1521 1827 1466 1808 1463 1808 1460 1808 1458 1808 1383 1832 1301 1816 1298 1816 1295 1816 1293 1816 1261 1838 1096 1824 1093 1824 1090 1824 981 1851 973 1854 965 1854 901 1835 899 1835 896 1835 893 1835 891 1835 862 1859 718 1864 670 1843 667 1843 665 1843 662 1843 603 1869 601 1872 481 1875 478 1875 396 1859 393 1859 391 1859 353 1872 332 1859 329 1859 327 1859 324 1859 175 1864 172 1864 106 1891 106 1928"/></Shape>
	    <String CONTENT="si recto comparetur. Communis Baroscopium"
                    HPOS="106"
                    VPOS="1808"
                    WIDTH="1570"
                    HEIGHT="179"
                    WC="0.994496671164908"></String>
          </TextLine>

          
          
          <TextLine ID="eSc_line_2ade62f8"
                    TAGREFS="LT11324"
                    BASELINE="141 2029 561 2002 1830 1957" 
                    HPOS="135"
                    VPOS="1883"
                    WIDTH="1695"
                    HEIGHT="186">
            <Shape><Polygon POINTS="141 2069 274 2066 276 2066 279 2066 311 2042 391 2053 393 2053 494 2037 529 2050 532 2050 534 2053 534 2050 537 2050 590 2029 702 2042 705 2042 707 2042 715 2042 971 2013 1005 2026 1029 2037 1032 2037 1034 2037 1037 2037 1040 2037 1040 2034 1053 2024 1066 2013 1144 2021 1245 2029 1247 2029 1250 2029 1253 2029 1279 2013 1293 2005 1346 2010 1394 2013 1396 2013 1399 2013 1402 2013 1410 2005 1423 1997 1447 2005 1489 2018 1492 2018 1495 2018 1596 2016 1599 2016 1684 1992 1697 1989 1705 1992 1779 2008 1782 2008 1785 2008 1830 1984 1830 1957 1822 1883 1716 1888 1713 1888 1710 1888 1689 1904 1575 1896 1527 1893 1524 1893 1521 1893 1519 1893 1519 1896 1513 1899 1489 1928 1452 1931 1319 1931 1295 1912 1285 1904 1282 1904 1279 1904 1277 1904 1199 1907 1197 1907 1194 1907 1194 1909 1181 1920 1170 1931 1138 1920 1133 1920 1130 1920 1128 1920 1125 1920 1122 1920 1120 1923 1096 1944 992 1944 965 1931 936 1917 933 1917 931 1917 763 1923 760 1923 758 1923 726 1944 713 1933 710 1933 707 1933 705 1933 702 1933 699 1933 699 1936 686 1947 678 1960 625 1960 606 1952 561 1931 558 1931 556 1931 553 1931 497 1960 484 1965 391 1965 345 1965 329 1949 327 1949 324 1949 321 1949 319 1949 279 1971 271 1976 135 1979 141 2029"/></Shape>
	    <String CONTENT="choc tantum habet Sumatur u Inseratur"
                    HPOS="135"
                    VPOS="1883"
                    WIDTH="1695"
                    HEIGHT="186"
                    WC="0.951680418607351"></String>
          </TextLine>

          
          
          <TextLine ID="eSc_line_56ee1b81"
                    TAGREFS="LT11324"
                    BASELINE="223 2104 1277 2061 1732 2056" 
                    HPOS="218"
                    VPOS="1984"
                    WIDTH="1514"
                    HEIGHT="162">
            <Shape><Polygon POINTS="223 2130 351 2146 353 2146 356 2146 359 2146 359 2143 372 2133 516 2141 518 2141 619 2122 665 2114 697 2120 734 2128 737 2128 776 2120 819 2106 1136 2098 1160 2109 1170 2114 1173 2114 1176 2114 1178 2114 1181 2114 1186 2109 1205 2096 1266 2106 1279 2109 1282 2109 1434 2106 1436 2106 1439 2106 1442 2104 1466 2088 1495 2104 1497 2104 1500 2104 1503 2104 1516 2101 1583 2088 1729 2096 1732 2056 1724 1984 1646 1987 1644 1987 1641 1987 1641 1989 1612 2016 1396 2021 1348 2002 1335 1997 1332 1997 1330 1997 1327 1997 1303 2005 1242 2026 1221 2010 1218 2005 1215 2005 1213 2005 1210 2005 1162 2013 1029 2034 920 2024 814 2016 811 2016 662 2040 582 2050 526 2045 454 2040 452 2040 449 2040 446 2040 446 2042 444 2042 439 2050 433 2056 409 2053 292 2034 290 2034 287 2034 284 2034 255 2061 252 2064 218 2064 223 2104"/></Shape>
	    <String CONTENT="Mercurius in Tubum utrinque clausum sumatur"
                    HPOS="218"
                    VPOS="1984"
                    WIDTH="1514"
                    HEIGHT="162"
                    WC="0.9905620092569396"></String>
          </TextLine>

          
          
          <TextLine ID="eSc_line_1e279b57"
                    TAGREFS="LT11324"
                    BASELINE="175 2191 912 2159 1851 2135" 
                    HPOS="172"
                    VPOS="2066"
                    WIDTH="1679"
                    HEIGHT="163">
            <Shape><Polygon POINTS="175 2207 239 2229 242 2229 244 2229 247 2229 250 2229 250 2226 268 2210 319 2226 321 2226 324 2226 327 2226 329 2226 329 2223 351 2205 356 2205 454 2215 457 2215 460 2215 497 2202 508 2199 534 2202 665 2215 667 2215 670 2215 673 2215 697 2199 702 2194 731 2197 822 2210 824 2210 827 2210 864 2194 883 2189 949 2189 957 2194 992 2205 995 2205 997 2205 1106 2191 1165 2183 1191 2189 1221 2197 1223 2197 1226 2197 1266 2189 1330 2173 1428 2183 1468 2189 1471 2189 1474 2189 1495 2183 1545 2170 1593 2181 1607 2183 1609 2183 1612 2183 1620 2181 1654 2170 1849 2175 1851 2135 1843 2066 1708 2090 1662 2074 1660 2074 1657 2074 1654 2074 1652 2074 1567 2098 1468 2082 1439 2080 1436 2080 1404 2085 1319 2106 1279 2093 1261 2085 1258 2085 1255 2085 1045 2093 1042 2093 1019 2104 992 2120 795 2122 766 2117 707 2104 705 2104 702 2104 699 2104 675 2122 662 2130 502 2133 492 2130 439 2112 436 2112 433 2112 431 2112 428 2112 399 2133 260 2117 258 2117 255 2117 172 2141 175 2191"/></Shape>
	    <String CONTENT="Tubus ab implendus aere dilatato, et utrinque claudendaus"
                    HPOS="172"
                    VPOS="2066"
                    WIDTH="1679"
                    HEIGHT="163"
                    WC="0.9644998657075983"></String>
          </TextLine>

          
          
          <TextLine ID="eSc_line_eb124024"
                    TAGREFS="LT11324"
                    BASELINE="133 2284 1394 2226 1819 2221" 
                    HPOS="130"
                    VPOS="2149"
                    WIDTH="1689"
                    HEIGHT="186">
            <Shape><Polygon POINTS="135 2335 266 2300 364 2311 367 2311 369 2311 372 2311 372 2308 375 2308 385 2292 465 2292 550 2316 556 2316 558 2316 561 2316 574 2314 718 2282 766 2295 768 2295 771 2295 878 2274 944 2284 947 2284 1021 2268 1050 2292 1053 2295 1056 2295 1058 2295 1061 2295 1141 2290 1144 2290 1146 2290 1152 2287 1191 2263 1279 2279 1309 2284 1311 2284 1415 2279 1418 2279 1439 2271 1505 2250 1553 2266 1559 2268 1561 2268 1564 2268 1567 2268 1572 2266 1620 2242 1660 2261 1670 2266 1673 2266 1676 2266 1819 2253 1819 2221 1814 2159 1779 2149 1777 2149 1774 2149 1771 2149 1769 2149 1748 2165 1745 2167 1620 2170 1617 2170 1551 2151 1548 2151 1545 2151 1497 2154 1495 2154 1492 2154 1492 2157 1471 2175 1468 2181 1359 2183 1346 2183 1245 2165 1242 2165 1239 2165 1202 2186 1176 2170 1173 2170 1170 2170 1168 2170 1165 2170 1122 2191 1061 2178 1058 2178 1056 2178 1053 2178 1053 2181 1034 2197 1032 2199 987 2199 987 2197 965 2181 965 2178 963 2178 960 2178 957 2178 846 2197 806 2183 803 2183 800 2183 686 2210 678 2213 673 2213 625 2191 622 2191 619 2191 553 2194 550 2194 494 2221 489 2221 476 2221 353 2210 351 2210 263 2229 220 2210 218 2210 215 2210 212 2210 130 2234 133 2284"/></Shape>
	    <String CONTENT="quod ita commode fiet, si adlampedem summi"
                    HPOS="130"
                    VPOS="2149"
                    WIDTH="1689"
                    HEIGHT="186"
                    WC="0.9627295207409632"></String>
          </TextLine>

          
          
          <TextLine ID="eSc_line_782ce05e"
                    TAGREFS="LT11324"
                    BASELINE="154 2359 1705 2306" 
                    HPOS="151"
                    VPOS="2239"
                    WIDTH="1554"
                    HEIGHT="160">
            <Shape><Polygon POINTS="154 2388 244 2380 271 2388 297 2399 300 2399 303 2399 305 2399 308 2399 308 2396 319 2388 329 2380 412 2386 449 2388 452 2388 454 2388 457 2388 460 2386 484 2372 641 2380 771 2388 774 2388 776 2388 806 2378 840 2362 984 2356 1034 2372 1042 2375 1045 2375 1048 2375 1066 2372 1162 2348 1258 2367 1263 2367 1266 2367 1269 2367 1322 2343 1468 2362 1471 2362 1474 2362 1543 2340 1585 2359 1588 2359 1591 2359 1593 2359 1638 2346 1702 2356 1705 2306 1700 2247 1638 2239 1636 2239 1633 2239 1630 2239 1617 2250 1607 2258 1596 2250 1577 2242 1575 2242 1572 2242 1569 2242 1567 2242 1551 2253 1524 2268 1466 2258 1428 2250 1426 2250 1423 2250 1420 2250 1407 2261 1380 2276 1290 2276 1271 2266 1242 2253 1239 2253 1237 2253 1141 2271 1077 2284 1000 2279 851 2266 848 2266 846 2266 843 2266 814 2287 806 2292 784 2290 697 2271 694 2271 558 2298 537 2303 524 2300 486 2290 484 2290 481 2290 478 2290 433 2306 431 2306 425 2306 375 2287 372 2287 369 2287 367 2287 364 2287 364 2290 340 2308 337 2308 210 2300 207 2300 204 2300 151 2316 154 2359"/></Shape>
	    <String CONTENT="calefiat statiimus claudatur, dummodo ea sit"
                    HPOS="151"
                    VPOS="2239"
                    WIDTH="1554"
                    HEIGHT="160"
                    WC="0.951480814001777"></String>
          </TextLine>

          
          
          <TextLine ID="eSc_line_c0f56fdd"
                    TAGREFS="LT11324"
                    BASELINE="125 2444 1750 2380" 
                    HPOS="122"
                    VPOS="2324"
                    WIDTH="1628"
                    HEIGHT="165">
            <Shape><Polygon POINTS="127 2489 159 2473 207 2487 223 2489 226 2489 228 2489 231 2489 252 2484 329 2460 425 2476 454 2479 457 2479 500 2471 614 2449 683 2463 705 2465 707 2465 792 2457 968 2439 984 2447 1013 2463 1016 2463 1019 2465 1072 2465 1072 2463 1199 2439 1269 2455 1271 2455 1274 2455 1277 2455 1338 2431 1343 2428 1348 2431 1383 2449 1386 2449 1388 2449 1548 2444 1551 2444 1599 2417 1607 2412 1748 2409 1750 2380 1745 2330 1641 2327 1638 2327 1636 2327 1617 2335 1593 2343 1577 2335 1556 2324 1553 2324 1551 2324 1548 2324 1545 2324 1527 2338 1513 2348 1261 2356 1247 2348 1213 2332 1210 2332 1207 2332 1130 2335 1128 2335 1074 2356 1056 2364 1021 2359 925 2343 923 2343 806 2351 803 2351 800 2351 800 2354 782 2370 776 2378 585 2383 572 2378 529 2359 526 2359 524 2359 348 2367 345 2367 311 2383 247 2370 244 2370 122 2396 125 2444"/></Shape>
	    <String CONTENT="vitri fortitudo ut ab aeris externi compressione"
                    HPOS="122"
                    VPOS="2324"
                    WIDTH="1628"
                    HEIGHT="165"
                    WC="0.9769369897743067"></String>
          </TextLine>

          
          
          <TextLine ID="eSc_line_6a884466"
                    TAGREFS="LT11324"
                    BASELINE="135 2524 1061 2500 1662 2465" 
                    HPOS="130"
                    VPOS="2415"
                    WIDTH="1532"
                    HEIGHT="154">
            <Shape><Polygon POINTS="135 2550 242 2561 244 2561 247 2561 282 2548 290 2545 297 2548 356 2569 359 2569 361 2569 364 2569 457 2542 473 2540 497 2542 603 2556 606 2556 609 2556 657 2537 665 2534 670 2537 699 2556 702 2556 705 2556 707 2556 710 2556 713 2556 744 2534 758 2529 835 2534 1013 2545 1016 2545 1019 2545 1050 2527 1058 2524 1088 2527 1189 2540 1191 2540 1245 2537 1247 2537 1250 2537 1250 2534 1266 2521 1274 2516 1317 2521 1346 2524 1348 2524 1351 2524 1354 2524 1354 2521 1356 2521 1356 2519 1367 2508 1660 2511 1662 2465 1654 2425 1524 2439 1511 2428 1495 2415 1492 2415 1489 2415 1487 2415 1484 2415 1455 2431 1431 2444 1370 2444 1335 2433 1303 2423 1301 2423 1298 2423 1295 2423 1269 2436 1250 2444 1226 2436 1194 2425 1191 2425 1189 2425 1186 2425 1160 2439 1128 2455 878 2463 784 2449 734 2441 731 2441 729 2441 694 2452 627 2471 492 2457 436 2452 433 2452 431 2452 412 2460 383 2471 340 2460 321 2457 319 2457 316 2457 300 2463 226 2484 130 2468 135 2524"/></Shape>
	    <String CONTENT="non rumpatur. Si rupturae metus est aer non"
                    HPOS="130"
                    VPOS="2415"
                    WIDTH="1532"
                    HEIGHT="154"
                    WC="0.9746807993844498"></String>
          </TextLine>

          
          
          <TextLine ID="eSc_line_300f97ca"
                    TAGREFS="LT11324"
                    BASELINE="141 2596 1189 2572 1742 2545" 
                    HPOS="138"
                    VPOS="2492"
                    WIDTH="1604"
                    HEIGHT="154">
            <Shape><Polygon POINTS="141 2644 226 2646 228 2646 231 2646 247 2641 327 2617 364 2636 367 2636 369 2636 518 2612 537 2628 540 2628 542 2628 545 2630 617 2630 617 2628 619 2628 705 2606 776 2606 800 2628 803 2628 806 2628 808 2628 819 2628 931 2604 973 2622 979 2625 981 2625 984 2625 1029 2622 1239 2598 1311 2614 1319 2614 1322 2614 1325 2614 1330 2614 1383 2593 1436 2609 1444 2612 1447 2612 1450 2612 1452 2612 1455 2612 1455 2609 1474 2593 1532 2604 1535 2604 1537 2604 1540 2604 1564 2582 1609 2593 1612 2593 1615 2593 1617 2593 1644 2580 1740 2601 1742 2545 1729 2492 1697 2513 1676 2497 1673 2497 1670 2497 1668 2497 1665 2497 1662 2497 1630 2519 1585 2519 1567 2500 1564 2497 1564 2495 1561 2495 1559 2495 1556 2495 1359 2500 1282 2511 1168 2532 1106 2532 1093 2519 1088 2513 1085 2513 1082 2513 1080 2513 1077 2513 1074 2513 1074 2516 1072 2516 1069 2521 1064 2529 901 2534 875 2529 824 2516 822 2516 819 2516 816 2516 814 2516 795 2532 782 2542 702 2542 651 2537 516 2524 513 2524 391 2545 375 2532 372 2532 369 2532 367 2532 364 2532 303 2553 300 2553 297 2553 210 2537 207 2537 204 2537 138 2558 141 2596"/></Shape>
	    <String CONTENT="nimis calefiat. Potest instrumentum fieri aere"
                    HPOS="138"
                    VPOS="2492"
                    WIDTH="1604"
                    HEIGHT="154"
                    WC="0.981184096440025"></String>
          </TextLine>

          
          
          <TextLine ID="eSc_line_cb1fd798"
                    TAGREFS="LT11324"
                    BASELINE="143 2681 1074 2662 1737 2609" 
                    HPOS="141"
                    VPOS="2566"
                    WIDTH="1596"
                    HEIGHT="160">
            <Shape><Polygon POINTS="276 2702 300 2710 348 2726 351 2726 353 2726 356 2726 391 2707 476 2721 478 2721 481 2721 553 2702 580 2723 582 2723 585 2723 588 2723 590 2723 593 2723 619 2699 635 2686 675 2697 710 2707 713 2707 715 2707 718 2707 721 2707 721 2705 729 2697 739 2686 843 2694 909 2697 912 2697 915 2697 917 2697 925 2691 944 2678 960 2689 989 2710 992 2710 995 2710 997 2710 1247 2699 1250 2699 1253 2699 1277 2681 1290 2670 1314 2678 1317 2678 1319 2678 1322 2678 1325 2678 1348 2662 1372 2678 1375 2678 1378 2678 1380 2678 1383 2678 1386 2678 1386 2675 1404 2654 1484 2649 1556 2649 1604 2670 1636 2683 1638 2683 1641 2683 1737 2665 1737 2609 1734 2577 1596 2566 1593 2566 1591 2566 1564 2582 1543 2593 1444 2596 1399 2588 1351 2577 1348 2577 1346 2577 1343 2577 1325 2588 1306 2601 1191 2593 1176 2593 1173 2593 1160 2593 1066 2609 1050 2598 1048 2596 1045 2596 1042 2596 1040 2596 1037 2596 1029 2598 992 2614 933 2601 901 2596 899 2596 896 2596 867 2604 822 2617 806 2606 800 2601 798 2601 795 2601 792 2601 790 2601 768 2606 731 2617 715 2609 710 2604 707 2604 705 2604 702 2604 699 2604 697 2604 689 2609 662 2628 625 2612 611 2606 609 2606 606 2606 468 2612 465 2612 446 2617 375 2641 199 2646 141 2628 143 2681 143 2710"/></Shape>
	    <String CONTENT="non dilatato, sed itaplus Mercurii"
                    HPOS="141"
                    VPOS="2566"
                    WIDTH="1596"
                    HEIGHT="160"
                    WC="0.9723407345659593"></String>
          </TextLine>

          
          
          <TextLine ID="eSc_line_b3a03783"
                    TAGREFS="LT11324"
                    BASELINE="143 2766 1048 2742 1692 2707" 
                    HPOS="138"
                    VPOS="2654"
                    WIDTH="1554"
                    HEIGHT="157">
            <Shape><Polygon POINTS="143 2798 186 2811 188 2811 191 2811 194 2811 196 2811 218 2795 231 2785 292 2785 308 2793 335 2806 337 2806 340 2806 343 2806 375 2790 388 2782 420 2787 476 2798 478 2798 553 2782 590 2774 617 2779 673 2793 675 2793 784 2771 795 2771 798 2771 827 2787 830 2787 832 2787 835 2787 888 2771 1037 2782 1040 2782 1114 2777 1117 2777 1120 2777 1120 2774 1136 2761 1176 2771 1178 2771 1181 2771 1183 2771 1186 2771 1186 2769 1189 2769 1194 2758 1237 2774 1239 2774 1242 2774 1394 2769 1396 2769 1399 2769 1399 2766 1402 2766 1415 2747 1418 2745 1423 2747 1455 2755 1458 2755 1460 2755 1692 2734 1692 2707 1686 2665 1330 2654 1327 2654 1266 2662 1263 2662 1261 2662 1261 2665 1250 2673 1234 2689 1029 2694 939 2678 883 2670 880 2670 878 2670 854 2681 803 2702 766 2689 763 2689 760 2689 758 2689 755 2689 726 2707 553 2710 500 2691 497 2691 494 2691 492 2691 452 2713 401 2689 399 2689 396 2689 393 2689 391 2689 385 2691 353 2707 329 2691 327 2691 324 2691 321 2691 138 2694 143 2766"/></Shape>
	    <String CONTENT="adhibendum est, quod tubi usum reddit incommo"
                    HPOS="138"
                    VPOS="2654"
                    WIDTH="1554"
                    HEIGHT="157"
                    WC="0.993310214413537"></String>
          </TextLine>

          
          
          <TextLine ID="eSc_line_9e8ef896"
                    TAGREFS="LT11324"
                    BASELINE="133 2851 1766 2787" 
                    HPOS="127"
                    VPOS="2721"
                    WIDTH="1639"
                    HEIGHT="181">
            <Shape><Polygon POINTS="135 2902 186 2875 481 2862 558 2886 564 2888 566 2888 569 2888 747 2883 750 2883 758 2880 832 2851 997 2872 1013 2872 1016 2872 1019 2872 1024 2870 1085 2846 1189 2859 1191 2859 1194 2859 1197 2859 1234 2832 1364 2840 1367 2840 1466 2824 1513 2840 1516 2840 1519 2840 1521 2840 1564 2819 1633 2846 1636 2846 1638 2846 1766 2843 1766 2787 1758 2721 1700 2723 1697 2723 1694 2723 1662 2753 1458 2755 1412 2737 1410 2737 1407 2737 1404 2737 1402 2737 1378 2755 1322 2742 1319 2742 1317 2742 1133 2774 1029 2774 949 2753 947 2753 944 2753 808 2774 779 2763 776 2763 774 2763 771 2763 723 2787 659 2787 638 2769 638 2766 635 2766 633 2766 630 2766 558 2766 521 2769 518 2769 516 2769 481 2798 385 2800 127 2785 133 2851"/></Shape>
	    <String CONTENT="diorem. Tubus quanto longior est, tanto accuratius"
                    HPOS="127"
                    VPOS="2721"
                    WIDTH="1639"
                    HEIGHT="181"
                    WC="0.986335391998291"></String>
          </TextLine>

          
          
          <TextLine ID="eSc_line_5860180f"
                    TAGREFS="LT11324"
                    BASELINE="122 2931 1199 2891 1668 2859" 
                    HPOS="119"
                    VPOS="2811"
                    WIDTH="1549"
                    HEIGHT="165">
            <Shape><Polygon POINTS="122 2965 156 2976 159 2976 162 2976 164 2976 191 2963 212 2952 276 2952 300 2957 372 2973 375 2973 377 2973 454 2949 497 2965 500 2965 502 2965 627 2963 630 2963 633 2963 662 2939 673 2928 755 2926 771 2933 795 2944 798 2944 800 2944 803 2944 806 2944 830 2931 835 2926 947 2923 949 2923 1003 2947 1005 2947 1008 2947 1072 2944 1074 2944 1077 2944 1117 2920 1160 2933 1162 2933 1165 2933 1282 2907 1295 2904 1306 2904 1402 2928 1404 2928 1407 2928 1410 2928 1444 2899 1527 2915 1529 2915 1665 2886 1668 2859 1665 2827 1505 2811 1503 2811 1396 2832 1319 2816 1317 2816 1218 2822 1215 2822 1173 2843 1168 2846 1157 2843 1069 2827 1066 2827 1064 2827 1061 2827 1061 2830 1042 2848 1040 2854 941 2854 936 2851 907 2838 904 2838 901 2838 899 2838 896 2838 872 2854 864 2859 846 2856 814 2848 811 2848 763 2859 737 2864 729 2859 718 2848 715 2848 713 2848 710 2848 707 2848 705 2848 686 2862 675 2867 665 2862 643 2854 641 2854 638 2854 635 2854 595 2864 574 2870 569 2864 558 2856 556 2856 553 2856 550 2856 548 2856 510 2867 484 2875 468 2870 428 2854 425 2854 423 2854 337 2875 329 2875 327 2875 305 2859 303 2859 300 2859 297 2859 119 2880 122 2931"/></Shape>
	    <String CONTENT="subdividi potest, tantoque plus Mercurii est."
                    HPOS="119"
                    VPOS="2811"
                    WIDTH="1549"
                    HEIGHT="165"
                    WC="0.9964465075069003"></String>
          </TextLine>

          
          
          <TextLine ID="eSc_line_ccbecd3c"
                    TAGREFS="LT11324"
                    BASELINE="146 3019 1271 2979 1628 2955 1927 2953" 
                    HPOS="141"
                    VPOS="2886"
                    WIDTH="1787"
                    HEIGHT="178">
            <Shape><Polygon POINTS="1779 2912 1777 2912 1742 2886 1740 2886 1737 2886 1734 2886 1503 2894 1386 2918 1330 2904 1327 2904 1325 2904 1322 2904 1319 2904 1277 2931 1274 2931 1263 2931 1085 2923 1082 2923 960 2941 957 2941 955 2941 885 2941 856 2918 854 2918 851 2918 848 2918 755 2920 752 2920 750 2920 723 2939 691 2923 689 2923 686 2923 526 2957 524 2957 521 2957 266 2939 263 2939 260 2939 141 2971 146 3019 148 3064 239 3037 468 3048 470 3048 473 3048 532 3027 585 3051 588 3051 590 3051 593 3051 899 3040 901 3040 907 3040 989 3011 1112 3032 1120 3032 1122 3032 1125 3032 1128 3032 1205 3000 1348 2997 1418 3021 1420 3021 1423 3021 1426 3021 1428 3021 1431 3021 1500 2992 1580 3013 1583 3013 1585 3013 1588 3013 1665 2987 1883 2997 1886 2997 1889 2997 1912 2991 1928 2967 1925 2908"/></Shape>
	    <String CONTENT="adhibendum etsi usus aeque commadus non Instrumentum"
                    HPOS="141"
                    VPOS="2886"
                    WIDTH="1787"
                    HEIGHT="178"
                    WC="0.9692653119564056"></String>
          </TextLine>

          
          
          <TextLine ID="eSc_line_a9f02b35"
                    TAGREFS="LT11324"
                    BASELINE="135 3088 774 3082 1580 3045 1846 3048" 
                    HPOS="133"
                    VPOS="2981"
                    WIDTH="1713"
                    HEIGHT="157">
            <Shape><Polygon POINTS="135 3117 303 3114 319 3114 484 3138 486 3138 489 3138 558 3112 572 3106 606 3106 611 3109 635 3130 635 3133 638 3133 641 3133 643 3133 707 3130 710 3130 758 3106 779 3098 816 3106 899 3125 901 3125 904 3125 987 3104 1000 3101 1003 3104 1024 3122 1027 3122 1029 3122 1032 3122 1234 3117 1237 3117 1285 3098 1327 3082 1375 3098 1407 3106 1410 3106 1412 3106 1415 3106 1450 3096 1511 3077 1843 3088 1846 3048 1841 3003 1718 3005 1710 3005 1636 2981 1633 2981 1630 2981 1628 2981 1625 2981 1625 2984 1601 3003 1572 2984 1569 2984 1567 2984 1508 2984 1505 2984 1503 2984 1431 3011 1428 3011 1375 2989 1372 2989 1370 2989 1367 2989 1364 2989 1364 2992 1340 3013 1309 2992 1306 2992 1303 2992 1301 2992 1298 2992 1295 2992 1263 3016 1261 3016 1229 2997 1226 2997 1223 2997 1221 2997 1173 3016 1160 3021 1141 3019 1048 2997 1045 2997 912 3024 862 3035 617 3037 582 3032 500 3013 497 3013 494 3013 492 3013 460 3035 452 3037 428 3035 316 3019 313 3019 311 3019 308 3019 276 3037 268 3043 260 3037 228 3024 226 3024 223 3024 133 3040 135 3088"/></Shape>
	    <String CONTENT="ita fiat minus portatile: Mercurius"
                    HPOS="133"
                    VPOS="2981"
                    WIDTH="1713"
                    HEIGHT="157"
                    WC="0.9595895562853132"></String>
          </TextLine>

          
          
          <TextLine ID="eSc_line_86650c42"
                    TAGREFS="LT11324"
                    BASELINE="117 3176 822 3168 1660 3133" 
                    HPOS="114"
                    VPOS="3064"
                    WIDTH="1546"
                    HEIGHT="181">
            <Shape><Polygon POINTS="117 3245 188 3245 188 3242 191 3242 194 3242 196 3239 242 3202 319 3202 364 3226 367 3226 369 3226 372 3226 457 3199 500 3223 510 3231 513 3231 516 3231 518 3234 577 3234 577 3231 580 3231 582 3231 601 3218 606 3215 630 3215 739 3226 742 3226 744 3226 747 3226 768 3210 790 3194 883 3205 928 3207 931 3207 933 3207 947 3199 968 3189 984 3199 1021 3218 1024 3218 1027 3218 1122 3215 1125 3215 1197 3186 1218 3178 1237 3186 1266 3197 1269 3197 1271 3197 1274 3197 1319 3181 1340 3173 1354 3178 1370 3186 1372 3186 1375 3186 1468 3173 1511 3168 1516 3170 1535 3184 1537 3184 1540 3184 1543 3184 1657 3162 1660 3133 1652 3064 1505 3069 1503 3069 1500 3069 1500 3072 1476 3093 1428 3074 1426 3074 1266 3074 1253 3074 1250 3074 1247 3074 1245 3074 1245 3077 1213 3106 1114 3112 1045 3112 1013 3085 1011 3085 1008 3085 1005 3085 1003 3085 931 3114 827 3112 779 3088 776 3088 774 3088 771 3088 768 3088 768 3090 744 3114 726 3098 723 3098 721 3098 718 3098 715 3098 657 3122 627 3096 627 3093 625 3093 622 3093 593 3093 580 3093 577 3093 574 3093 500 3104 497 3104 494 3104 494 3106 468 3130 431 3130 412 3112 412 3109 409 3109 407 3109 404 3109 290 3133 204 3104 202 3104 199 3104 114 3104 117 3176"/></Shape>
	    <String CONTENT="Instrumento inserendus est antequam claudatur."
                    HPOS="114"
                    VPOS="3064"
                    WIDTH="1546"
                    HEIGHT="181"
                    WC="0.9868070353632388"></String>
          </TextLine>

          
          
          <TextLine ID="eSc_line_4847ead2"
                    TAGREFS="LT11324"
                    BASELINE="138 3298 242 3279 1471 3231 1838 3245" 
                    HPOS="135"
                    VPOS="3165"
                    WIDTH="1703"
                    HEIGHT="165">
            <Shape><Polygon POINTS="138 3330 231 3309 284 3322 287 3322 290 3322 292 3322 329 3303 364 3317 367 3317 369 3317 590 3317 609 3314 611 3314 689 3287 726 3306 729 3306 731 3309 824 3309 824 3306 827 3306 830 3306 851 3290 920 3298 923 3298 1080 3274 1128 3287 1130 3287 1133 3287 1136 3287 1138 3287 1162 3271 1226 3285 1229 3285 1317 3266 1351 3287 1354 3287 1356 3287 1359 3287 1362 3287 1364 3287 1402 3263 1516 3274 1519 3274 1521 3274 1561 3258 1617 3277 1620 3277 1622 3277 1625 3277 1628 3277 1644 3263 1673 3277 1676 3277 1678 3277 1838 3271 1838 3245 1835 3214 1823 3213 1811 3194 1585 3199 1540 3165 1537 3165 1535 3165 1532 3165 1314 3170 1311 3170 1285 3184 1239 3173 1237 3173 1234 3173 1231 3173 1178 3199 1133 3189 1130 3189 1128 3189 1125 3189 1056 3218 1008 3197 1005 3197 1003 3197 1000 3197 997 3197 976 3215 941 3202 939 3202 936 3202 933 3202 883 3223 734 3210 731 3210 729 3210 726 3210 726 3213 707 3229 518 3223 516 3223 513 3223 510 3223 489 3237 404 3202 401 3202 399 3202 212 3207 210 3207 135 3247 138 3298"/></Shape>
	    <String CONTENT="Mercuri po Instrumento erecto Mercurius insummi"
                    HPOS="135"
                    VPOS="3165"
                    WIDTH="1703"
                    HEIGHT="165"
                    WC="0.9814057629159156"></String>
          </TextLine>

          
          
          <TextLine ID="eSc_line_de5df1c7_b"
                    TAGREFS="LT11324"
                    BASELINE="1870 3266 2101 3282" 
                    HPOS="1865"
                    VPOS="3223"
                    WIDTH="236"
                    HEIGHT="102">
            <Shape><Polygon POINTS="2027 3274 2000 3271 1976 3255 1950 3245 1937 3237 1878 3238 1878 3233 1870 3223 1870 3266 1865 3318 1886 3320 2093 3325 2101 3282 2099 3266 2083 3269 2056 3271"/></Shape>
	    <String CONTENT="ale crdis"
                    HPOS="1865"
                    VPOS="3223"
                    WIDTH="236"
                    HEIGHT="102"
                    WC="0.9039037658108605"></String>
          </TextLine>

          
          
          <TextLine ID="eSc_line_f24253ff_b"
                    TAGREFS="LT11324"
                    BASELINE="2149 3282 2394 3274" 
                    HPOS="2147"
                    VPOS="3222"
                    WIDTH="249"
                    HEIGHT="130">
            <Shape><Polygon POINTS="2149 3340 2320 3352 2372 3339 2396 3268 2393 3246 2390 3245 2225 3222 2160 3225 2147 3261 2149 3282"/></Shape>
	    <String CONTENT="A positus"
                    HPOS="2147"
                    VPOS="3222"
                    WIDTH="249"
                    HEIGHT="130"
                    WC="0.9828055633438958"></String>
          </TextLine>

          
          
          <TextLine ID="eSc_line_535a6190"
                    TAGREFS="LT11324"
                    BASELINE="122 3367 723 3354 1724 3303" 
                    HPOS="119"
                    VPOS="3239"
                    WIDTH="1605"
                    HEIGHT="181">
            <Shape><Polygon POINTS="122 3402 242 3420 244 3420 247 3420 250 3420 250 3418 271 3396 321 3394 431 3388 441 3388 553 3407 556 3407 558 3407 595 3388 643 3402 646 3402 649 3402 806 3380 904 3391 907 3391 1024 3364 1027 3364 1098 3383 1101 3383 1104 3383 1263 3364 1293 3375 1295 3375 1298 3375 1391 3370 1394 3370 1396 3370 1431 3346 1434 3343 1724 3332 1724 3303 1721 3258 1644 3245 1641 3245 1638 3245 1599 3261 1537 3239 1535 3239 1532 3239 1529 3239 1527 3239 1497 3263 1497 3266 1489 3266 1412 3245 1410 3245 1407 3245 1404 3245 1362 3263 1335 3250 1332 3250 1330 3250 1202 3266 1162 3255 1160 3255 1157 3255 1154 3255 1090 3279 1072 3285 1029 3282 931 3271 928 3271 925 3271 923 3271 907 3285 896 3293 885 3285 851 3269 848 3269 846 3269 843 3269 840 3269 819 3285 707 3277 705 3277 702 3277 670 3293 649 3306 369 3314 340 3306 305 3293 303 3293 300 3293 119 3311 122 3367"/></Shape>
	    <String CONTENT="Epondere sus aerem subjectum, com"
                    HPOS="119"
                    VPOS="3239"
                    WIDTH="1605"
                    HEIGHT="181"
                    WC="0.9804785409394432"></String>
          </TextLine>

          
          
          <TextLine ID="eSc_line_cea2f497"
                    TAGREFS="LT11324"
                    BASELINE="146 3442 1761 3386" 
                    HPOS="146"
                    VPOS="3322"
                    WIDTH="1615"
                    HEIGHT="183">
            <Shape><Polygon POINTS="172 3505 172 3503 188 3503 191 3503 194 3503 231 3473 274 3495 276 3495 279 3495 337 3484 367 3495 372 3497 375 3497 377 3497 380 3497 385 3495 462 3460 606 3455 731 3473 734 3473 864 3447 904 3476 907 3476 909 3476 912 3479 992 3479 992 3476 995 3476 1008 3473 1074 3452 1117 3468 1120 3468 1122 3468 1125 3468 1128 3468 1165 3436 1210 3465 1213 3468 1215 3468 1218 3468 1221 3468 1293 3465 1295 3465 1298 3465 1301 3463 1348 3431 1489 3442 1492 3442 1607 3420 1652 3450 1654 3452 1657 3452 1660 3452 1662 3452 1761 3444 1761 3386 1753 3322 1495 3330 1489 3330 1372 3356 1317 3343 1314 3343 1311 3343 1128 3364 1021 3348 1019 3348 915 3372 848 3356 846 3356 843 3356 601 3383 343 3370 316 3370 313 3370 311 3370 303 3372 218 3396 146 3378 146 3442 146 3505"/></Shape>
	    <String CONTENT="primet, qui cum parum resistat est enim dilatatus"
                    HPOS="146"
                    VPOS="3322"
                    WIDTH="1615"
                    HEIGHT="183"
                    WC="0.9768487458326378"></String>
          </TextLine>

          
          
          <TextLine ID="eSc_line_b99bd819"
                    TAGREFS="LT11324"
                    BASELINE="162 3505 755 3513 1641 3471" 
                    HPOS="159"
                    VPOS="3407"
                    WIDTH="1482"
                    HEIGHT="154">
            <Shape><Polygon POINTS="162 3543 524 3561 526 3561 875 3551 878 3551 880 3551 920 3524 1229 3540 1231 3540 1402 3508 1524 3516 1527 3516 1638 3497 1641 3471 1633 3407 1532 3410 1529 3410 1527 3410 1484 3436 1396 3415 1391 3415 1388 3415 1234 3420 1231 3420 1226 3423 1162 3447 1074 3434 1072 3434 1069 3434 1066 3434 1042 3452 878 3452 854 3436 848 3431 846 3431 843 3431 840 3431 838 3431 819 3439 768 3458 675 3444 619 3436 617 3436 614 3436 580 3447 521 3465 457 3452 452 3452 449 3452 446 3452 444 3452 415 3468 159 3465 162 3505"/></Shape>
	    <String CONTENT="ac proinde falile fert compressionem; ideo"
                    HPOS="159"
                    VPOS="3407"
                    WIDTH="1482"
                    HEIGHT="154"
                    WC="0.9721642661662329"></String>
          </TextLine>

          
          
          <TextLine ID="eSc_line_6496bd5e"
                    TAGREFS="LT11324"
                    BASELINE="159 3617 244 3598 465 3591 1854 3569" 
                    HPOS="156"
                    VPOS="3505"
                    WIDTH="1698"
                    HEIGHT="139">
            <Shape><Polygon POINTS="1622 3505 1620 3505 1617 3505 1615 3505 1609 3511 1583 3532 1495 3516 1492 3516 1489 3516 1487 3516 1466 3535 1362 3535 1269 3516 1255 3513 1253 3513 1250 3513 1245 3516 1210 3535 1183 3521 1181 3521 1178 3521 1109 3532 1090 3519 1090 3516 1088 3516 1085 3516 1024 3516 1021 3516 1019 3516 1013 3519 973 3540 933 3527 931 3527 928 3527 925 3527 888 3543 803 3543 779 3527 776 3527 774 3527 771 3527 630 3548 556 3532 553 3532 550 3532 473 3553 316 3553 274 3529 271 3529 268 3529 266 3529 156 3529 159 3617 159 3644 324 3620 401 3641 404 3641 407 3641 409 3641 505 3617 585 3636 588 3636 590 3636 641 3612 771 3625 774 3625 776 3625 840 3609 901 3633 904 3633 907 3636 907 3633 912 3633 1011 3614 1042 3628 1045 3628 1048 3628 1050 3628 1053 3628 1053 3625 1074 3604 1117 3604 1231 3625 1234 3628 1279 3628 1335 3628 1335 3625 1338 3625 1340 3625 1356 3612 1375 3625 1378 3625 1380 3625 1383 3625 1455 3622 1500 3620 1503 3620 1505 3620 1535 3598 1670 3620 1684 3620 1686 3620 1689 3620 1694 3620 1748 3601 1851 3614 1854 3569 1853 3556 1833 3505"/></Shape>
	    <String CONTENT="Mercurius pege descendet ad fundum usque bserusqade"
                    HPOS="156"
                    VPOS="3505"
                    WIDTH="1698"
                    HEIGHT="139"
                    WC="0.9712084823963689"></String>
          </TextLine>

          
          
          <TextLine ID="eSc_line_25c32f04"
                    TAGREFS="LT11324"
                    BASELINE="518 3644 763 3633" 
                    HPOS="516"
                    VPOS="3601"
                    WIDTH="247"
                    HEIGHT="59">
            <Shape><Polygon POINTS="518 3660 545 3657 572 3657 598 3657 760 3649 763 3633 755 3601 516 3606 518 3644"/></Shape>
	    <String CONTENT="cubo "
                    HPOS="516"
                    VPOS="3601"
                    WIDTH="247"
                    HEIGHT="59"
                    WC="0.9977230787277221"></String>
          </TextLine>

          
          
          <TextLine ID="eSc_line_92fd62ed"
                    TAGREFS="LT11324"
                    BASELINE="186 3678 598 3660" 
                    HPOS="180"
                    VPOS="3609"
                    WIDTH="418"
                    HEIGHT="115">
            <Shape><Polygon POINTS="556 3644 529 3644 510 3612 476 3609 473 3609 359 3614 356 3614 353 3614 353 3617 340 3628 332 3633 324 3628 311 3617 308 3617 305 3617 303 3617 180 3628 186 3678 186 3705 332 3724 335 3724 337 3724 388 3708 423 3697 465 3708 497 3716 500 3716 502 3716 598 3708 598 3660 595 3657 582 3657"/></Shape>
	    <String CONTENT="Noletur muxu"
                    HPOS="180"
                    VPOS="3609"
                    WIDTH="418"
                    HEIGHT="115"
                    WC="0.901757538318634"></String>
          </TextLine>

          
          
          <TextLine ID="eSc_line_68237bbf"
                    TAGREFS="LT11324"
                    BASELINE="199 3755 1652 3716" 
                    HPOS="196"
                    VPOS="3665"
                    WIDTH="1456"
                    HEIGHT="128">
            <Shape><Polygon POINTS="1450 3684 1301 3673 1298 3673 1295 3673 1255 3689 1165 3678 1162 3678 1160 3678 1157 3678 1144 3692 1104 3681 1101 3681 1098 3681 1013 3694 981 3681 979 3681 976 3681 973 3681 928 3697 827 3684 824 3684 822 3684 774 3702 771 3702 768 3702 681 3686 678 3686 601 3689 598 3689 595 3689 595 3692 580 3708 577 3708 564 3708 391 3694 388 3694 196 3716 199 3755 199 3777 234 3793 236 3793 239 3793 242 3793 308 3777 361 3790 364 3790 367 3790 508 3774 582 3785 585 3785 659 3769 681 3766 697 3769 737 3779 739 3779 742 3779 744 3779 771 3769 782 3763 806 3769 859 3777 862 3777 1064 3763 1263 3750 1314 3758 1340 3763 1343 3763 1407 3758 1567 3742 1649 3753 1652 3716 1646 3681 1569 3665 1567 3665"/></Shape>
	    <String CONTENT="is repraesentat situm machinae perpendicularem; notetur"
                    HPOS="196"
                    VPOS="3665"
                    WIDTH="1456"
                    HEIGHT="128"
                    WC="0.9744588006626476"></String>
          </TextLine>

          
          
          <TextLine ID="eSc_line_9bfe904f"
                    TAGREFS="LT11324"
                    BASELINE="196 3825 1077 3787 1766 3777" 
                    HPOS="194"
                    VPOS="3718"
                    WIDTH="1572"
                    HEIGHT="154">
            <Shape><Polygon POINTS="196 3872 609 3835 670 3859 673 3859 675 3859 731 3857 734 3857 737 3857 779 3827 856 3827 933 3851 936 3851 939 3851 941 3851 944 3851 987 3822 1106 3819 1176 3833 1178 3833 1181 3833 1183 3833 1202 3817 1293 3833 1295 3833 1298 3833 1356 3819 1434 3835 1436 3835 1439 3835 1442 3835 1580 3806 1644 3827 1646 3827 1649 3827 1652 3827 1705 3811 1761 3825 1766 3777 1761 3734 1686 3718 1684 3718 1681 3718 1678 3718 1660 3734 1548 3724 1545 3724 1543 3724 1540 3724 1516 3739 1513 3739 1511 3739 1484 3729 1481 3729 1479 3729 1221 3745 1085 3753 1077 3747 1064 3739 1061 3739 1058 3739 1056 3739 883 3745 830 3753 768 3763 675 3758 611 3753 609 3753 577 3758 521 3771 484 3761 473 3758 470 3758 468 3758 465 3758 454 3761 423 3774 396 3763 391 3761 388 3761 385 3761 194 3766 196 3825"/></Shape>
	    <String CONTENT="descensus ejus minimus, seu locus summus, in qu ex qu descendere"
                    HPOS="194"
                    VPOS="3718"
                    WIDTH="1572"
                    HEIGHT="154"
                    WC="0.9607284944504499"></String>
          </TextLine>

          
          
          <TextLine ID="eSc_line_4f32b9d5"
                    TAGREFS="LT11324"
                    BASELINE="220 3891 1189 3851 1724 3843" 
                    HPOS="218"
                    VPOS="3790"
                    WIDTH="1506"
                    HEIGHT="133">
            <Shape><Polygon POINTS="220 3918 319 3923 321 3923 324 3923 327 3923 335 3915 348 3907 385 3915 420 3920 423 3920 425 3920 428 3920 436 3912 449 3902 486 3912 492 3912 494 3912 497 3912 500 3912 502 3910 524 3899 540 3910 545 3915 548 3915 550 3915 553 3915 556 3915 577 3910 598 3902 611 3907 622 3912 625 3912 627 3912 630 3912 633 3912 638 3907 651 3896 806 3902 878 3904 880 3904 883 3904 885 3904 885 3902 888 3899 907 3886 955 3899 971 3902 973 3902 976 3902 979 3902 981 3902 987 3896 1005 3886 1048 3894 1050 3894 1130 3878 1178 3891 1186 3894 1189 3894 1191 3894 1210 3891 1290 3875 1718 3875 1724 3843 1718 3795 1521 3790 1519 3790 1516 3790 1476 3803 1468 3806 1463 3803 1436 3793 1434 3793 1431 3793 1428 3793 1399 3806 1394 3809 1370 3809 1282 3801 1279 3801 1218 3814 1199 3817 1157 3817 981 3809 979 3809 976 3809 973 3809 973 3811 971 3811 960 3825 960 3827 880 3827 867 3827 768 3817 766 3817 678 3835 667 3835 651 3835 484 3827 481 3827 218 3851 220 3891"/></Shape>
	    <String CONTENT="incipit It idem est cum altitudinc Mercurii Tubi a."
                    HPOS="218"
                    VPOS="3790"
                    WIDTH="1506"
                    HEIGHT="133"
                    WC="0.9793868029818815"></String>
          </TextLine>

          
          
          <TextLine ID="eSc_line_16f35208"
                    TAGREFS="LT11324"
                    BASELINE="196 3955 1700 3902" 
                    HPOS="194"
                    VPOS="3862"
                    WIDTH="1506"
                    HEIGHT="122">
            <Shape><Polygon POINTS="196 3976 494 3984 497 3984 580 3968 614 3963 643 3968 699 3976 702 3976 705 3976 707 3976 707 3974 718 3966 729 3958 782 3963 843 3971 846 3971 848 3971 872 3963 901 3952 1008 3958 1045 3960 1048 3960 1050 3960 1064 3958 1120 3944 1327 3952 1380 3952 1383 3952 1415 3950 1580 3928 1697 3942 1700 3902 1692 3862 1013 3870 885 3875 883 3875 880 3875 862 3891 856 3891 840 3891 718 3880 715 3880 713 3880 710 3880 689 3896 686 3899 486 3904 481 3904 454 3891 452 3891 449 3891 446 3891 409 3907 404 3907 401 3907 369 3894 367 3894 364 3894 194 3912 196 3955"/></Shape>
	    <String CONTENT="Notetur seu in quem peditTubo Horizontaliter"
                    HPOS="194"
                    VPOS="3862"
                    WIDTH="1506"
                    HEIGHT="122"
                    WC="0.9754514057527889"></String>
          </TextLine>

          
          
          <TextLine ID="eSc_line_f728d390"
                    TAGREFS="LT11324"
                    BASELINE="244 4021 766 3995 1705 3971" 
                    HPOS="242"
                    VPOS="3915"
                    WIDTH="1463"
                    HEIGHT="144">
            <Shape><Polygon POINTS="244 4040 324 4059 327 4059 329 4059 409 4035 425 4032 524 4032 585 4053 588 4053 590 4053 593 4053 665 4032 686 4051 689 4051 691 4051 694 4051 766 4037 830 4048 832 4048 835 4048 936 4016 941 4016 947 4016 1024 4040 1027 4040 1029 4040 1173 4037 1176 4037 1287 4005 1330 4027 1332 4027 1335 4027 1338 4027 1370 4013 1492 4027 1495 4027 1497 4027 1500 4027 1500 4024 1532 3997 1625 4011 1628 4011 1630 4011 1705 3990 1705 3971 1700 3931 1612 3920 1609 3920 1545 3934 1519 3915 1516 3915 1513 3915 1511 3915 1439 3918 1436 3918 1434 3918 1399 3939 1396 3939 1258 3923 1255 3923 1253 3923 1194 3944 1178 3931 1178 3928 1176 3928 1173 3928 1104 3928 1101 3928 1005 3934 1003 3934 1000 3934 973 3955 968 3955 875 3955 862 3944 862 3942 859 3942 856 3942 854 3942 851 3942 848 3942 830 3958 790 3939 787 3939 784 3939 667 3942 601 3944 598 3944 595 3944 566 3968 393 3971 335 3955 332 3955 329 3955 327 3955 242 3976 244 4021"/></Shape>
	    <String CONTENT="posito, non scilicet perveniet usque ad a. etsi primo"
                    HPOS="242"
                    VPOS="3915"
                    WIDTH="1463"
                    HEIGHT="144"
                    WC="0.9739278386223991"></String>
          </TextLine>

          
          
          <TextLine ID="eSc_line_cc9cdd6a"
                    TAGREFS="LT11324"
                    BASELINE="196 4096 627 4072 1718 4048" 
                    HPOS="194"
                    VPOS="3990"
                    WIDTH="1524"
                    HEIGHT="138">
            <Shape><Polygon POINTS="196 4128 321 4125 324 4125 327 4125 327 4123 340 4109 377 4123 391 4128 393 4128 396 4128 585 4123 588 4123 590 4123 590 4120 593 4117 609 4099 715 4099 768 4112 787 4117 790 4117 792 4117 795 4117 798 4117 798 4115 803 4112 819 4096 870 4109 896 4115 899 4115 981 4112 984 4112 1000 4107 1032 4091 1074 4104 1088 4107 1090 4107 1093 4107 1096 4107 1114 4101 1154 4091 1176 4101 1191 4107 1194 4107 1197 4107 1199 4107 1221 4099 1253 4085 1282 4096 1295 4101 1298 4101 1301 4101 1303 4101 1306 4101 1314 4096 1335 4085 1718 4085 1718 4048 1710 3990 1505 4005 1442 3997 1420 3995 1418 3995 1415 3995 1412 3995 1410 3997 1388 4013 1330 4000 1301 3995 1298 3995 1215 3997 1213 3997 1210 3997 1199 4005 1176 4019 1019 4011 1011 4011 1008 4011 1000 4011 880 4027 838 4016 808 4008 806 4008 803 4008 800 4008 782 4016 760 4029 699 4019 667 4016 665 4016 595 4024 518 4032 508 4027 494 4016 492 4016 489 4016 486 4016 194 4035 196 4096"/></Shape>
	    <String CONTENT="delapsus sit ex a. quia cum purgatus non fuent, ideo"
                    HPOS="194"
                    VPOS="3990"
                    WIDTH="1524"
                    HEIGHT="138"
                    WC="0.9504601623003299"></String>
          </TextLine>

          
          
          <TextLine ID="eSc_line_cd90c8cd"
                    TAGREFS="LT11324"
                    BASELINE="183 4170 681 4141 1745 4123" 
                    HPOS="180"
                    VPOS="4064"
                    WIDTH="1565"
                    HEIGHT="144">
            <Shape><Polygon POINTS="183 4192 361 4208 364 4208 367 4208 409 4186 417 4184 431 4186 473 4197 476 4197 478 4197 481 4197 484 4197 502 4184 505 4184 510 4184 606 4202 609 4202 611 4202 654 4181 665 4173 822 4168 851 4176 901 4189 904 4189 907 4192 1141 4192 1141 4189 1144 4189 1181 4170 1306 4173 1309 4173 1372 4160 1407 4154 1447 4160 1553 4170 1556 4170 1559 4170 1588 4154 1593 4152 1745 4149 1745 4123 1737 4067 1604 4083 1580 4072 1564 4064 1561 4064 1559 4064 1556 4064 1537 4072 1508 4085 1436 4075 1383 4069 1380 4069 1378 4069 1375 4069 1362 4077 1343 4091 1293 4080 1245 4072 1242 4072 1239 4072 1237 4072 1223 4083 1207 4093 1191 4085 1170 4075 1168 4075 1165 4075 1162 4075 1114 4088 1106 4088 1098 4088 1058 4077 1056 4077 1053 4077 1050 4077 1048 4077 1032 4091 1019 4101 917 4101 885 4093 832 4083 830 4083 755 4099 750 4099 744 4099 635 4088 633 4088 630 4088 627 4088 603 4104 595 4109 558 4107 492 4099 489 4099 415 4109 401 4112 393 4112 332 4096 329 4096 327 4096 324 4096 279 4115 271 4120 180 4120 183 4170"/></Shape>
	    <String CONTENT="ut descendere possit aerem ex substantia corpore"
                    HPOS="180"
                    VPOS="4064"
                    WIDTH="1565"
                    HEIGHT="144"
                    WC="0.9679439440369606"></String>
          </TextLine>

          
          
          <TextLine ID="eSc_line_f66744f0"
                    TAGREFS="LT11324"
                    BASELINE="180 4245 715 4218 1761 4197" 
                    HPOS="178"
                    VPOS="4136"
                    WIDTH="1583"
                    HEIGHT="143">
            <Shape><Polygon POINTS="180 4279 532 4271 534 4271 537 4271 585 4245 734 4245 776 4261 779 4261 782 4261 891 4240 1037 4258 1048 4258 1050 4258 1053 4258 1056 4258 1101 4234 1138 4248 1141 4248 1144 4248 1226 4232 1279 4242 1282 4242 1285 4242 1287 4242 1287 4240 1290 4240 1298 4229 1359 4248 1362 4248 1364 4248 1588 4226 1622 4242 1625 4242 1628 4242 1630 4242 1638 4242 1732 4224 1753 4240 1761 4197 1756 4157 1588 4136 1585 4136 1452 4160 1447 4160 1444 4160 1343 4144 1340 4144 1338 4144 1287 4162 1269 4168 1104 4165 973 4162 971 4162 968 4162 955 4168 928 4176 907 4168 875 4154 872 4154 870 4154 611 4170 266 4194 228 4176 220 4173 218 4173 215 4173 178 4176 180 4245"/></Shape>
	    <String CONTENT="suo exprimet dilatabitus, qui non redibit facile"
                    HPOS="178"
                    VPOS="4136"
                    WIDTH="1583"
                    HEIGHT="143"
                    WC="0.9903358146548271"></String>
          </TextLine>

          
          
          <TextLine ID="eSc_line_03fe99f0"
                    TAGREFS="LT11324"
                    BASELINE="167 4298 1742 4269" 
                    HPOS="167"
                    VPOS="4210"
                    WIDTH="1575"
                    HEIGHT="128">
            <Shape><Polygon POINTS="300 4240 188 4256 167 4240 167 4298 167 4330 497 4338 500 4338 588 4327 590 4327 593 4327 601 4319 614 4309 638 4319 678 4335 681 4335 683 4335 686 4335 689 4335 710 4317 723 4306 880 4303 909 4311 971 4330 973 4330 976 4330 1061 4327 1064 4327 1066 4327 1085 4311 1114 4327 1117 4327 1120 4327 1258 4309 1402 4322 1404 4322 1407 4322 1463 4303 1577 4319 1580 4319 1583 4319 1585 4319 1585 4317 1604 4295 1742 4287 1742 4269 1734 4210 1652 4229 1593 4213 1591 4213 1588 4213 1583 4213 1301 4237 899 4226 875 4226 872 4226 870 4226 867 4226 838 4245 739 4229 731 4229 729 4229 726 4229 723 4229 691 4245 598 4232 590 4232 588 4232 585 4232 582 4232 558 4250 417 4253 340 4237 324 4240"/></Shape>
	    <String CONTENT="in Mercurium ac proinde Mercurius nnon ascendet usus"
                    HPOS="167"
                    VPOS="4210"
                    WIDTH="1575"
                    HEIGHT="128"
                    WC="0.9771800866493812"></String>
          </TextLine>

          
          
          <TextLine ID="eSc_line_11025e5e"
                    TAGREFS="LT11324"
                    BASELINE="154 4373 638 4367 1548 4333 1950 4338" 
                    HPOS="151"
                    VPOS="4274"
                    WIDTH="1799"
                    HEIGHT="154">
            <Shape><Polygon POINTS="154 4428 191 4428 191 4426 194 4426 196 4426 196 4423 220 4402 260 4423 263 4423 266 4423 268 4423 316 4404 420 4420 428 4420 431 4420 441 4420 590 4396 710 4412 715 4412 718 4412 971 4407 1016 4404 1122 4396 1125 4396 1176 4373 1330 4373 1364 4389 1367 4389 1370 4389 1372 4389 1407 4370 1641 4381 1644 4381 1646 4381 1686 4362 1737 4383 1740 4383 1742 4383 1833 4365 1947 4381 1950 4338 1947 4277 1803 4274 1801 4274 1798 4274 1795 4274 1787 4282 1769 4293 1750 4282 1737 4277 1734 4277 1732 4277 1729 4277 1713 4282 1684 4295 1644 4285 1612 4279 1609 4279 1607 4279 1604 4279 1596 4287 1580 4298 1500 4290 1431 4285 1428 4285 1426 4285 1402 4293 1380 4303 1372 4295 1367 4290 1364 4290 1362 4290 1359 4290 1277 4298 1199 4306 1162 4303 1085 4293 1082 4293 1080 4293 1053 4306 1042 4311 987 4309 904 4303 901 4303 899 4303 880 4311 867 4317 846 4314 779 4301 776 4301 774 4301 771 4301 752 4317 747 4322 558 4325 553 4322 532 4311 529 4311 526 4311 460 4327 449 4327 433 4327 263 4314 260 4314 151 4335 154 4373"/></Shape>
	    <String CONTENT="spatium hoc aere plenum semper aer hoc Mercurio horizontaliter"
                    HPOS="151"
                    VPOS="4274"
                    WIDTH="1799"
                    HEIGHT="154"
                    WC="0.9902743947121405"></String>
          </TextLine>

          
          
          <TextLine ID="eSc_line_1017fe8f"
                    TAGREFS="LT11324"
                    BASELINE="204 4450 1865 4399" 
                    HPOS="202"
                    VPOS="4346"
                    WIDTH="1663"
                    HEIGHT="160">
            <Shape><Polygon POINTS="204 4506 215 4506 255 4498 271 4506 284 4506 305 4506 380 4471 561 4468 577 4482 577 4484 580 4484 582 4484 585 4484 588 4484 614 4476 630 4490 630 4492 633 4492 635 4492 665 4495 721 4498 723 4498 726 4498 729 4498 729 4495 731 4492 763 4460 819 4460 848 4474 851 4474 854 4474 856 4474 901 4460 936 4487 939 4490 941 4490 944 4490 947 4490 1064 4487 1066 4487 1069 4487 1069 4484 1072 4484 1088 4466 1199 4450 1346 4474 1362 4476 1364 4476 1439 4474 1442 4474 1447 4471 1516 4439 1644 4466 1662 4468 1665 4468 1668 4468 1681 4466 1726 4450 1740 4463 1742 4463 1742 4466 1745 4466 1748 4466 1750 4466 1865 4458 1865 4399 1854 4346 1814 4362 1705 4354 1702 4354 1700 4354 1697 4354 1681 4370 1535 4370 1524 4359 1519 4357 1519 4354 1516 4354 1513 4354 1511 4354 1383 4365 1215 4381 1191 4373 1168 4365 1165 4365 1162 4365 1109 4378 1066 4389 729 4396 721 4394 702 4381 699 4381 697 4381 694 4381 484 4402 478 4402 335 4391 332 4391 329 4391 327 4391 327 4394 311 4407 244 4396 242 4396 239 4396 202 4410 204 4450"/></Shape>
	    <String CONTENT="posito non dilatatus neque compressus implimet spatium af"
                    HPOS="202"
                    VPOS="4346"
                    WIDTH="1663"
                    HEIGHT="160"
                    WC="0.9801896695505109"></String>
          </TextLine>

          
          
          <TextLine ID="eSc_line_85fa81dc"
                    TAGREFS="LT11324"
                    BASELINE="191 4511 1793 4490" 
                    HPOS="188"
                    VPOS="4439"
                    WIDTH="1605"
                    HEIGHT="109">
            <Shape><Polygon POINTS="191 4548 1157 4548 1157 4545 1160 4545 1186 4532 1335 4540 1338 4540 1340 4540 1383 4524 1394 4522 1410 4524 1487 4540 1489 4540 1492 4540 1495 4540 1495 4537 1513 4522 1516 4522 1524 4522 1588 4532 1591 4532 1593 4532 1596 4532 1596 4529 1607 4522 1625 4537 1628 4537 1630 4537 1633 4540 1702 4540 1702 4537 1705 4537 1708 4537 1732 4519 1734 4519 1790 4519 1793 4490 1787 4455 1455 4439 1452 4439 1450 4439 1380 4458 1372 4458 1301 4458 1223 4458 1202 4442 1199 4442 1197 4442 1194 4442 1117 4460 1106 4460 1093 4460 989 4444 987 4444 984 4444 952 4460 947 4463 941 4460 912 4447 909 4447 790 4447 787 4447 784 4447 782 4447 758 4463 752 4466 744 4463 710 4450 707 4450 705 4450 702 4450 699 4450 681 4463 675 4468 188 4468 191 4511"/></Shape>
	    <String CONTENT="inter Mercurium cc dd et summitatem a Nota ergo"
                    HPOS="188"
                    VPOS="4439"
                    WIDTH="1605"
                    HEIGHT="109"
                    WC="0.9831937893908075"></String>
          </TextLine>

          
          
          <TextLine ID="eSc_line_4c9afb35"
                    TAGREFS="LT11324"
                    BASELINE="223 4585 1170 4583 1859 4561" 
                    HPOS="220"
                    VPOS="4511"
                    WIDTH="1639"
                    HEIGHT="149">
            <Shape><Polygon POINTS="223 4617 244 4628 247 4628 250 4628 252 4628 255 4628 276 4615 282 4612 303 4615 377 4623 380 4623 454 4612 478 4609 484 4612 534 4636 537 4636 540 4636 590 4625 640 4649 680 4649 752 4609 755 4607 758 4609 800 4628 803 4628 806 4628 808 4628 840 4615 925 4633 928 4633 1045 4604 1050 4604 1053 4604 1112 4631 1114 4631 1117 4631 1120 4631 1122 4631 1157 4607 1279 4657 1282 4657 1285 4660 1495 4660 1495 4657 1625 4655 1628 4655 1630 4655 1657 4633 1681 4644 1684 4644 1686 4644 1689 4644 1692 4644 1758 4599 1859 4593 1859 4561 1851 4527 1649 4527 1588 4511 1585 4511 1583 4511 1580 4511 1577 4511 1577 4514 1561 4529 1503 4529 1431 4529 1410 4514 1407 4514 1404 4514 1293 4514 1290 4514 1085 4535 1066 4535 1061 4535 1013 4522 1011 4522 1008 4522 933 4535 909 4519 907 4519 904 4519 901 4519 899 4519 830 4537 822 4537 816 4537 747 4522 744 4522 742 4522 689 4537 649 4522 646 4522 643 4522 641 4522 606 4540 603 4540 588 4540 433 4524 431 4524 348 4543 340 4543 332 4543 242 4527 239 4527 236 4527 234 4527 220 4535 223 4585"/></Shape>
	    <String CONTENT="Mr Tubi Horizontulis erit F. Adhibito quadrante"
                    HPOS="220"
                    VPOS="4511"
                    WIDTH="1639"
                    HEIGHT="149"
                    WC="0.9814248528886349"></String>
          </TextLine>

          
          
          <TextLine ID="eSc_line_0f95b895"
                    TAGREFS="LT11324"
                    BASELINE="1378 4647 1543 4639" 
                    HPOS="1375"
                    VPOS="4593"
                    WIDTH="168"
                    HEIGHT="109">
            <Shape><Polygon POINTS="1378 4647 1380 4702 1537 4677 1543 4676 1543 4639 1537 4604 1442 4593 1439 4593 1436 4593 1388 4607 1375 4639"/></Shape>
	    <String CONTENT="jam"
                    HPOS="1375"
                    VPOS="4593"
                    WIDTH="168"
                    HEIGHT="109"
                    WC="0.9999403158823649"></String>
          </TextLine>

          
          
          <TextLine ID="eSc_line_bdba478c_b"
                    TAGREFS="LT11324"
                    
                    HPOS="1867"
                    VPOS="3219"
                    WIDTH="42"
                    HEIGHT="23">
            <Shape><Polygon POINTS="1867 3229 1881 3242 1883 3242 1886 3242 1889 3242 1891 3242 1909 3237 1878 3238 1878 3233 1867 3219"/></Shape>
	    <String CONTENT=""
                    HPOS="1867"
                    VPOS="3219"
                    WIDTH="42"
                    HEIGHT="23"></String>
          </TextLine>

          
          
          <TextLine ID="eSc_line_bdba478c_c"
                    TAGREFS="LT11324"
                    
                    HPOS="2031"
                    VPOS="3212"
                    WIDTH="85"
                    HEIGHT="20">
            <Shape><Polygon POINTS="2116 3223 2097 3220 2070 3221 2046 3212 2031 3232 2059 3229"/></Shape>
	    <String CONTENT=""
                    HPOS="2031"
                    VPOS="3212"
                    WIDTH="85"
                    HEIGHT="20"></String>
          </TextLine>

          
          
          <TextLine ID="eSc_line_bdba478c_d"
                    TAGREFS="LT11324"
                    
                    HPOS="2118"
                    VPOS="3223"
                    WIDTH="79"
                    HEIGHT="16">
            <Shape><Polygon POINTS="2144 3239 2147 3239 2149 3239 2152 3239 2155 3239 2168 3234 2197 3223 2134 3226 2118 3223 2133 3234"/></Shape>
	    <String CONTENT=""
                    HPOS="2118"
                    VPOS="3223"
                    WIDTH="79"
                    HEIGHT="16"></String>
          </TextLine>

          
          
          <TextLine ID="eSc_line_bdba478c_e"
                    TAGREFS="LT11324"
                    
                    HPOS="2265"
                    VPOS="3228"
                    WIDTH="109"
                    HEIGHT="17">
            <Shape><Polygon POINTS="2282 3242 2282 3245 2285 3245 2288 3245 2290 3245 2374 3243 2265 3228 2277 3239"/></Shape>
	    <String CONTENT=""
                    HPOS="2265"
                    VPOS="3228"
                    WIDTH="109"
                    HEIGHT="17"></String>
          </TextLine>

          
        </TextBlock>
        
        <TextBlock HPOS="1878"
                   VPOS="3128"
                   WIDTH="522"
                   HEIGHT="117"
                   ID="r5"
                   TAGREFS="BT16575">
          <Shape><Polygon POINTS="1883 3162 1878 3238 1937 3237 2027 3238 2046 3212 2134 3226 2225 3222 2390 3245 2400 3160 2253 3128 2102 3160"/></Shape>
          
          
          <TextLine ID="eSc_line_de5df1c7_a"
                    TAGREFS="LT11324"
                    
                    HPOS="1878"
                    VPOS="3222"
                    WIDTH="59"
                    HEIGHT="16">
            <Shape><Polygon POINTS="1923 3229 1920 3226 1879 3222 1878 3238 1937 3237"/></Shape>
	    <String CONTENT=""
                    HPOS="1878"
                    VPOS="3222"
                    WIDTH="59"
                    HEIGHT="16"></String>
          </TextLine>

          
          
          <TextLine ID="eSc_line_f24253ff_a"
                    TAGREFS="LT11324"
                    
                    HPOS="2160"
                    VPOS="3210"
                    WIDTH="231"
                    HEIGHT="35">
            <Shape><Polygon POINTS="2391 3229 2171 3210 2168 3210 2165 3210 2160 3225 2225 3222 2390 3245 2391 3233"/></Shape>
	    <String CONTENT=""
                    HPOS="2160"
                    VPOS="3210"
                    WIDTH="231"
                    HEIGHT="35"></String>
          </TextLine>

          
          
          <TextLine ID="eSc_line_bdba478c_a"
                    TAGREFS="LT11324"
                    BASELINE="1880 3209 2040 3194 2396 3197" 
                    HPOS="1878"
                    VPOS="3149"
                    WIDTH="520"
                    HEIGHT="94">
            <Shape><Polygon POINTS="2370 3178 2344 3173 2317 3170 2290 3165 2264 3162 2237 3157 2211 3154 2184 3149 2157 3149 2131 3154 2104 3160 2077 3165 2051 3170 2024 3176 1998 3181 1971 3186 1944 3192 1918 3202 1891 3202 1886 3162 1883 3162 1878 3238 1909 3237 1955 3226 1976 3221 1995 3229 2014 3234 2016 3234 2019 3234 2031 3232 2046 3212 2116 3223 2117 3223 2118 3223 2134 3226 2197 3223 2203 3221 2258 3221 2265 3228 2374 3243 2390 3242 2398 3181 2397 3181"/></Shape>
	    <String CONTENT="perpendiculariter."
                    HPOS="1878"
                    VPOS="3149"
                    WIDTH="520"
                    HEIGHT="94"
                    WC="0.9820560448699527"></String>
          </TextLine>

          
        </TextBlock>
        
        <TextBlock HPOS="1838"
                   VPOS="3244"
                   WIDTH="1326"
                   HEIGHT="473"
                   ID="r4"
                   TAGREFS="BT16575">
          <Shape><Polygon POINTS="1924 3717 2482 3711 2506 3634 3094 3610 3164 3326 2959 3244 2767 3259 2721 3342 1838 3380"/></Shape>
          
          
          <TextLine ID="eSc_line_9781f763"
                    TAGREFS="LT11324"
                    BASELINE="2769 3317 3022 3303" 
                    HPOS="2764"
                    VPOS="3257"
                    WIDTH="258"
                    HEIGHT="105">
            <Shape><Polygon POINTS="2979 3277 2953 3274 2926 3269 2900 3266 2873 3263 2844 3261 2828 3258 2822 3263 2817 3269 2806 3263 2793 3274 2791 3257 2774 3258 2766 3260 2764 3264 2769 3317 2772 3362 3022 3330 3022 3303 3014 3279 3006 3279"/></Shape>
	    <String CONTENT="exhausto"
                    HPOS="2764"
                    VPOS="3257"
                    WIDTH="258"
                    HEIGHT="105"
                    WC="0.9933633580803871"></String>
          </TextLine>

          
          
          <TextLine ID="eSc_line_1befe0fa"
                    TAGREFS="LT11324"
                    BASELINE="2950 3354 3115 3354" 
                    HPOS="2950"
                    VPOS="3322"
                    WIDTH="165"
                    HEIGHT="64">
            <Shape><Polygon POINTS="2950 3380 3112 3386 3115 3354 3115 3322 2950 3322 2950 3354"/></Shape>
	    <String CONTENT="aquam"
                    HPOS="2950"
                    VPOS="3322"
                    WIDTH="165"
                    HEIGHT="64"
                    WC="0.9745466470718384"></String>
          </TextLine>

          
          
          <TextLine ID="eSc_line_1fcb164d"
                    TAGREFS="LT11324"
                    BASELINE="1867 3439 2341 3412 3089 3399" 
                    HPOS="1865"
                    VPOS="3340"
                    WIDTH="1224"
                    HEIGHT="141">
            <Shape><Polygon POINTS="2743 3362 2716 3362 2689 3362 2663 3364 2636 3364 2610 3364 2583 3364 2559 3364 2548 3370 2506 3367 2503 3367 2477 3367 2450 3370 2423 3370 2397 3370 2370 3370 2349 3358 2336 3359 2293 3370 2258 3378 2200 3372 2150 3367 2079 3370 2077 3370 2051 3372 2046 3372 2040 3375 2022 3380 2011 3380 1998 3383 1971 3386 1944 3391 1918 3396 1891 3399 1889 3380 1865 3380 1867 3439 1867 3481 2141 3481 2141 3479 2144 3479 2147 3479 2152 3473 2189 3447 2354 3442 2407 3455 2410 3455 2413 3455 2415 3455 2418 3455 2418 3452 2421 3452 2431 3436 2631 3434 2684 3460 2689 3463 2692 3463 2695 3463 2822 3458 2825 3458 2828 3458 2868 3434 2916 3450 2918 3450 2921 3450 2924 3450 2974 3428 3086 3450 3089 3399 3081 3356 2894 3359 2889 3359 2833 3340 2830 3340 2828 3340 2825 3340 2822 3340 2806 3354 2772 3351 2769 3362"/></Shape>
	    <String CONTENT="ut in Recipiente Magdeburgico arem"
                    HPOS="1865"
                    VPOS="3340"
                    WIDTH="1224"
                    HEIGHT="141"
                    WC="0.991455441012102"></String>
          </TextLine>

          
          
          <TextLine ID="eSc_line_f6780f39"
                    TAGREFS="LT11324"
                    BASELINE="1910 3513 2511 3484 3065 3473" 
                    HPOS="1907"
                    VPOS="3412"
                    WIDTH="1158"
                    HEIGHT="147">
            <Shape><Polygon POINTS="3025 3471 2998 3468 2971 3468 2945 3468 2929 3436 2873 3412 2870 3412 2868 3412 2865 3412 2862 3412 2822 3444 2737 3447 2655 3420 2652 3420 2650 3420 2511 3423 2508 3423 2506 3423 2506 3426 2474 3452 2381 3428 2378 3428 2375 3428 2208 3434 2205 3434 2147 3465 1958 3460 1955 3460 1952 3460 1907 3476 1910 3513 1913 3559 1987 3532 2192 3529 2216 3548 2218 3548 2221 3548 2224 3551 2285 3551 2285 3548 2341 3545 2344 3545 2346 3545 2381 3521 2431 3535 2434 3535 2437 3535 2439 3535 2442 3535 2466 3519 2562 3529 2564 3529 2567 3529 2570 3529 2591 3513 2618 3527 2620 3527 2623 3527 2626 3527 2628 3527 2647 3513 2724 3524 2727 3524 2729 3524 2732 3524 2759 3508 3062 3519 3065 3473 3062 3471 3051 3471"/></Shape>
	    <String CONTENT="Mercuriumque ex Tubo descendere videmus,"
                    HPOS="1907"
                    VPOS="3412"
                    WIDTH="1158"
                    HEIGHT="147"
                    WC="0.9572494998574257"></String>
          </TextLine>

          
          
          <TextLine ID="eSc_line_5a919930"
                    TAGREFS="LT11324"
                    BASELINE="1897 3572 3073 3543" 
                    HPOS="1894"
                    VPOS="3492"
                    WIDTH="1179"
                    HEIGHT="154">
            <Shape><Polygon POINTS="2373 3548 2346 3556 2320 3559 2298 3511 2296 3508 2293 3508 2290 3508 2288 3508 2285 3508 2282 3508 2274 3516 2261 3524 2224 3516 2197 3511 2195 3511 2155 3516 2072 3529 1894 3521 1897 3572 1897 3611 1906 3646 1923 3646 1923 3641 1950 3641 1976 3641 1995 3641 2093 3633 2096 3633 2099 3633 2099 3630 2120 3606 2213 3606 2234 3622 2234 3625 2237 3625 2240 3625 2242 3625 2245 3625 2304 3609 2325 3625 2328 3625 2330 3625 2333 3625 2336 3625 2338 3625 2365 3604 2453 3604 2564 3620 2633 3629 2696 3626 2783 3620 2785 3620 2788 3620 2799 3609 2817 3593 2841 3606 2865 3619 2957 3616 2974 3601 2990 3588 3067 3596 3073 3543 3067 3505 2924 3492 2921 3492 2918 3492 2916 3492 2897 3505 2892 3508 2870 3508 2748 3495 2745 3495 2620 3511 2586 3513 2551 3511 2458 3503 2455 3503 2418 3508 2399 3535"/></Shape>
	    <String CONTENT="quippe aeris dilatati pressione eum"
                    HPOS="1894"
                    VPOS="3492"
                    WIDTH="1179"
                    HEIGHT="154"
                    WC="0.9580557686941964"></String>
          </TextLine>

          
          
          <TextLine ID="eSc_line_e439fae5"
                    TAGREFS="LT11324"
                    BASELINE="1920 3646 2458 3636" 
                    HPOS="1918"
                    VPOS="3591"
                    WIDTH="540"
                    HEIGHT="126">
            <Shape><Polygon POINTS="2423 3617 2397 3617 2370 3617 2344 3617 2317 3617 2290 3617 2264 3617 2253 3604 2187 3591 2184 3591 2181 3591 2133 3606 2120 3612 1998 3612 1971 3617 1944 3620 1918 3638 1920 3646 1920 3701 1924 3717 2140 3715 2173 3702 2229 3681 2455 3681 2458 3636 2453 3617 2450 3617"/></Shape>
	    <String CONTENT="minus sustinente"
                    HPOS="1918"
                    VPOS="3591"
                    WIDTH="540"
                    HEIGHT="126"
                    WC="0.967359434813261"></String>
          </TextLine>

          
        </TextBlock>
        
        <TextBlock HPOS="2767"
                   VPOS="1833"
                   WIDTH="437"
                   HEIGHT="448"
                   ID="r0"
                   TAGREFS="BT27326">
          <Shape><Polygon POINTS="3039 1847 2767 2173 2807 2281 2933 2234 3204 1841 3150 1833"/></Shape>
          
        </TextBlock>
        
        <TextBlock HPOS="2087"
                   VPOS="2183"
                   WIDTH="845"
                   HEIGHT="772"
                   ID="r3"
                   TAGREFS="BT27326">
          <Shape><Polygon POINTS="2715 2183 2508 2278 2087 2888 2156 2950 2333 2953 2528 2955 2566 2847 2441 2805 2486 2681 2687 2438 2916 2449 2932 2357 2804 2311 2773 2218"/></Shape>
          
        </TextBlock>
        
        <TextBlock HPOS="2363"
                   VPOS="1825"
                   WIDTH="543"
                   HEIGHT="314"
                   ID="r2"
                   TAGREFS="BT27326">
          <Shape><Polygon POINTS="2707 1825 2600 1928 2526 1991 2363 2096 2384 2139 2594 2135 2772 1954 2906 1877 2868 1827"/></Shape>
          
        </TextBlock>
        
        <TextBlock HPOS="2106"
                   VPOS="1899"
                   WIDTH="443"
                   HEIGHT="190"
                   ID="r1"
                   TAGREFS="BT27326">
          <Shape><Polygon POINTS="2158 1938 2106 2017 2207 2089 2382 2060 2507 2003 2549 1933 2423 1899"/></Shape>
          
        </TextBlock>
        

        
      </PrintSpace>
    </Page>
  </Layout>
</alto>
