3326 4777
209 122 2052 143 Experim IV. quantacunque sit Tubi longitudo aut Mercurii altitudo

220 207 77 87 C1

177 228 1397 138 ex illa semper eju altitudi tantum semper

215 318 1332 138 descendet Mercudii, ex spasi ut i spatit

207 403 1449 149 quod primo descensus momento occupat tantum

201 498 1264 146 sut non minus sui relinqua, quam

273 565 1255 154 aute spatii ante descensum occupati

207 631 1475 173 regula generalis descensus Mercurii haec statui

215 732 1406 167 ped potest, utMercurium

193 809 1452 175 eousque descendere, donec ejus pollices 27 (30 etC)

183 907 1430 149 summi perveniant in locum pollicum

244 987 1436 156 totidem infimorum; seu ut descendat per

207 1077 1385 143 altitudinem tantam, quanta est ipsiusmet

220 1165 647 114 demtis pollicibus dictis

944 1173 725 119 Esto altitudo Mercurii ab

193 1244 1479 128 vel bc. vel aa bb altitudo pothicum dictorum

196 1316 1486 146 ac. vel fb vel bb g. Ajo Mercurium semper

204 1427 207 125 ex sit

557 1409 1104 140 bo existente perpendiculari) semper

185 1496 513 120 ex situtittudine

467 1502 1170 116 ab perventurum in situmaa bb.

185 1563 1466 146 Ita ut pollices ade. summi sudccedant in locum

153 1653 1543 135 infimorum fb. seu ut linea longitudo ilapt

299 1762 146 63 -aa

180 1725 1473 161 aca aequavel b-bb aequalis sit ipsi

169 1825 1463 146 ab demta fb. cumque b seu bb-g.

177 1918 1601 136 Nam si aequalis esset lapsus altitudini a pervenisset

175 1998 1608 156 in b et b in g. Fuisset ergo linea lapsus bg.

175 2075 1014 133 cui nunc bb-g. cidimuntur.

153 2157 1572 138 Esto altifudo Mercurii ab. pollices dicti summi ac.

156 2258 916 122 iufimi db labetur Mercurius

1088 2242 648 133 ex ab vel aabb

161 2332 1608 120 ex situ ac in situm dbb. ita ac. cadet in db.

156 2415 1884 119 vel nunc aa cc. cadet in db. et altitudbb-bb

143 2486 1624 130 el b vel cc-bb quam Mercurius labendo

177 2566 1540 133 percurrit aequalis erit ab demta db.

183 2643 1494 130 Hoc necessario eventurum quantacunque sit Tlbi

138 2733 1547 117 in quo Mercurius descendit, longitudove

1361 2714 133 69 inci

161 2810 1508 127 facile ostendo. Primum altitudo Tubi

175 2890 1489 124 capacitasve ultra, capacitasque supra Mercurium

172 2964 1634 119 ut ac nihil adrem pertinet ut praecedentibus

169 3036 1620 124 experimentis est ostensum. Deinde nec altitudo

161 3118 1468 127 Tubi infra Mercurium quicquam variat quod

161 3195 1588 122 facile sic ostendo Pone Mercurium pendere aa bb

164 3274 1518 122 agglutinetur infimo Tubi orificio bb. portio

183 3357 1571 111 nova bb-f Manifestum est hac additione nihil

145 3439 1580 114 variari aeris obnitentis pressionem, ergo nec auger

1611 3431 101 64 ga

153 3513 1503 122 posse descensum. Quantuscunque ergo sit Tubus

138 3593 1510 133 fingendum est omnem supra infraque longitudinem

172 3670 680 125 ei esse abscissam praetem

860 3672 700 120 -bb. seu spatium quod

207 3744 2033 135 Mercurius successive implet. Hinc varia Experimenta particularia

151 3832 1778 111 consequuntur. Et primum Mercurius r altitudine,

111 3895 1540 144 pollicum 27 (30) pollicum plane non d per

138 3978 1470 124 nullum plane spatium descendet. Cum enim

130 4044 1489 133 sit ajoi quin db. relinquere cogatur quod

127 4112 2105 144 hoc spatium impleat, se totum relinquet Mercurius follicibus dictis major

140 4203 1887 133 in Tubo supra rlauso infra aperto descenderis ex tubi summitate

130 4270 1369 135 totus in eo pendulus manebit nec elabetur

1746 4264 207 92 . 4

148 4339 1651 143 si major sit Tubi longitudo quam est linea a-bb

196 4418 1781 128 seu altitudo Mercurii duplicata dentis dictis pollicibus smmla

326 4469 2834 173 quod si non labitur ex Tubi summitate, saltem tanta tubi longiludo esse debet ex loco unde labitur

2320 2598 188 79 non

1918 2643 1166 138 Modo Mercurius sit 27 (30) pollicibus magdi

1958 2741 1163 114 naor, ne atmosphaeca ei prae

1910 2805 327 120 ponderet

2742 2826 77 50 d

1865 3030 1333 122 sitavis utcinque clausus est (nam supra apertus

1889 3113 1272 119 infra clausus, aut supra infraque apertus

1853 3187 1332 117 esse non potest) Eadem penitus locum obtinent

1940 3261 1226 112 alidquin enimTubus Torricellianus

1976 3335 1198 109 in  clauso exhiberi non posset

2173 3404 959 152 Hinc patet sine ullo vase

2193 3500 994 130 stagnante subjecto Mercurium multis

2211 3588 926 122 modis pendulum exhiberi

2383 3670 730 127 ne pro inde Baroscopium

2442 3755 743 119 uinfra apertum construi

2603 3824 194 119 posse

2541 3874 459 95 in

1912 3885 1299 138 +Imo si minoret sit, etiam asceadet

2102 3954 1115 154 posito aerem in Tubo esse dilata

2343 4039 513 125 tum seu tensum.
