4869 4378
60 78 1100 136 vulgus tamen analyticorum, ut quidem ipsi

39 158 1211 133 se vocant, et inter hos etiam scientiae Magistri

53 243 1110 143 qui sibi pau haud paulo quam sunt doctiores

55 318 1122 131 videntur; ubi praecepta  protrita didicere

58 391 1304 131 et successum eorum in minutis quibusdam Problematiis

51 459 1138 146 experti sunt, jam subito inflati vento inani

48 527 1253 168 quid vis a se praestari posse putant, neque interea

58 637 1090 129 quicquam unquam novum alicujus momenti

63 688 1165 158 aggrediuntur, alioqui haererent statim, et cum

68 780 1148 158 quidvis per aequationes praestari posse efficere

72 841 1363 148 velint, sentirent profecto in magnis problematibus

80 926 1311 163 hoc ipsum arduum esse solere, ac saepe impossibile

82 1010 1361 157 invenire aequationem quae incognitam quaesitamn

80 1084 1272 163 per d relatione ad datus comprehendat. ja

23 1169 1524 171 sijo itaque Methodos hactenus traditas pertinere sua natura

77 1257 1125 143 tantum ad Problemata Rectilinea, cum

85 1328 1242 182 quaeritur linea recta per datas Magnitudine

72 1437 1159 146 et positione lineas rectas varia rationum

90 1500 1121 156 compositione determinata Ut si detur

82 1593 1234 150 quaeratur linea quae sit in duplicata ratione

80 1673 1460 136 ad aliam alterius rectae datae ad ipsam quaesitam, (y)

70 1739 1127 150 tertia data (c) auctam, (seu ad  y +c)

72 1802 1560 160 erit scilicet y ad a, ut quadratum b ad quadratum y +c.

75 1899 1238 153 seu y ad a ut b² ad y² + 2c y + c², s

80 1982 1399 158 et quia rectangulum sub extremis aequatur facto

85 2086 958 120 rectanguto sub mediis, erit:

218 2164 726 122 V + 2Cy² + C²y aequal. ab².

46 2271 1209 129 Sed quoties in problematibus datum quaesitumve

43 2356 1161 122 est longitudo curvae, aut area spatii curvilinei,

48 2422 1253 126 aut vel superficiei gibbae, aut solidi contentum

60 2480 2037 141 et quae ex hij pendent ut centra gravitatis et oscillationis aliaque problemata

114 2595 100 60 nec

243 2590 129 51 unica

455 2580 29 58 et

70 2558 1662 158 et decillationis, tun recepta hactenus methodus sitet non procedit

63 2636 1401 148 calculi mut ormutescit, nisi cum facilioribus problemata

63 2714 1516 153 offeruntur, aut inventa ab aliis theoremata adhibentur,

92 2806 1153 132 quod analyticum non est nisi subinde

82 2831 2132 189 et ne ad aequationes quidem perveniri potest, eo qui vul quales vulgo quaerunt

80 2938 1384 150 Quin imo problemata ejusmodi, neque solida plana

90 3018 1204 153 sunt, neque plana solida, neque ullius certi

90 3091 1104 153 gradus, ideoque a me transcendentia

38 3169 1319 143 appetlantur. Multae etiam aliae conditiones

43 3232 1336 158 ita praescribi possunt, ut methodus communis ut

58 3310 1324 155 vulgaris calculi ratio nulta sufficere nequeat

58 3392 1346 137 ad valorem incognitae quantitatis inveniendum.

68 3461 1452 143 Ut cum figuras quaerimus ex data tangentium

70 3512 2334 192 proprietate, aut cum inveniendi sunt ipsi incognita ingreditur ipsum exponentem potestatuur

119 3643 1068 126 exponentes incogniti, potestatum

1258 3609 496 109 ut si sit aequatio:

1817 3606 562 149 2 + 7 + 1 aem. 4Z

60 3743 774 107 exempli causa sit aequatio

890 3696 1268 146 2+c aqui a Z quaraturque ipsa Z

1742 3835 350 74 aut cum

1421 1437 742 102 inde enim oriuitur aequationes

1473 1540 72 45 ad

1411 1556 557 104 Frectam datam (a)

2498 116 1144 105 lnventa autem per Analysin ele sive

2469 204 1127 117 theoremata, sive canones practici problemata

2484 291 1170 98 si in Porro Inventa sive per casum sive

2489 357 1323 119 per analusin, sive alio quovis per ingenii sagacitatem

2494 432 1248 112 sive per methodum, si in systemata redigantur

2467 501 1243 116 si inde velut Tabulae orientur combinationibus

2474 564 1282 138 profaturae. Menim virum in et haec systemata

2474 639 1214 122 ita ordinentur atque ordinentur, ut omnia sint

2951 639 85 56 cont

2474 707 1207 136 in conspectu facilea inter se conferri possint

2496 790 1246 136 Tabulas habebimus; et quoniam ob ni relationum

2467 873 1234 124 variarum multitudinem nia eia Tabulis exhiberi

2479 960 348 117 non possunt

2842 938 958 129 Indicibus quibusdam sive invercariis

2472 1014 1204 124 utimur F Itaque Inventaria sunt Methodi

2494 1089 1245 129 Combinatoriae basis, et recte memini virum

2472 1155 1392 138 in republica administranda ordinanda Principum re

2496 1245 1253 114 Deconomica in paucis excellentem crebro dicere

2479 1308 1265 139 in plerisque non artibus tantum scientiisque sed et vitae

2474 1374 1363 133 officiis inventaria nobis deesse. Itaque ita

2464 1447 1519 146 si quis (exempli causa) in promtu habeat te quatuor tres

2464 1534 1319 119 tabulas unam numerorum triangularium alteram

2469 1585 1898 146 nmerorum quadratorum, tertiam cuborum, is quartam summarum a cubis

2474 1663 1334 124 is statim animad simplici admodum combinatione

2467 1724 2304 131 theorema supra dictum statim animadvertet; quanquam is modus inveniendi non sit analyticus.

2443 1802 1355 141 itatt qui indicem sibi conficeret ex Euclide. Apollonio

2481 1875 1300 155 et Pappo aliisque sun quibus statim invenire posset

2489 1953 1241 153 exempli causa quaenam propositiones loquantur

2467 2021 1197 160 de circuli tangentibus  is multa saepe

2467 2099 1173 155 compendia elegantia simplici combinatione

2474 2176 1180 129 inveniret. itaque saepe miratus sum

2460 2249 1150 134 hujusmodi indices deesse Geometris, cum aliae

2452 2337 767 117 disciplinae indicibus abundent.

3287 2315 377 95 Et vero nullus

2455 2393 1197 141 alius est usus, praeclarorum Canonum ab aliis

2452 2451 1399 146 inventorum quam ut posteris ratiocinandi inquirend

3778 2478 146 78 onnulle

2457 2522 2037 141 laborem minuant; minimeque illorum ego si quorundam analysi leviter tinctorum

2455 2587 1190 146 inconsideratam jacta voces probo, qui libros

2455 2658 1233 139 theorematum inutiles  ajunt, ipsi scilicet omnia

2467 2728 1170 159 per analysin suam si diis placet, inventuri

2472 2809 1214 148 a quo certe mea sententia longe absunt; et

2462 2879 1527 151 si poste si possent, frustra  inventa ac demonstrata frustra denuo

2481 2940 1244 163 quaereremus, nisi fortasse aliquando exercendi

3591 3008 73 63 i

2447 3008 1582 168 ingenii causa equidem Originem inventorumemper vestigandam

2455 3088 1348 151 semper quaerendam arbitror, sed cum de illa constat

2457 3161 1161 146 theonematis aliorum, ubi in promtu unt

2450 3222 1379 158 pradenter utemur, etiam cum ipsis possemus carere.

2450 3298 1338 160 Tam multa enim invenienda supersunt, ut homines

2479 3368 1217 139 aliorum hominum ope et laboribus non satis

2472 3436 1204 158 uli possint. Ne quis autem putet, haec vergere

2462 3514 1161 151 in dedecus analy haec esse infra Analyseos

2438 3597 1136 134 receptae dignitatem, sciendum est, multa

2438 3665 1172 148 quae creduntur fieri per analysin, ideo tantum

2464 3752 1126 141 quia per symbola transiguntur, ea revera

1936 2989 317 150 totu

369 4149 825 70 OOFTFRED UILHIEIM LEIBNIZ BIBLIOTHER

4255 4161 416 66 Sionalur: LH36. 1. 27. 1151.81

357 4222 835 70 NIEDERSACNSISCHE LRNDESBIBLIOTHEN

3947 834 632 98 t omnes rerum cognationes

3997 917 833 97 quae in se Tabulas continent potestate

4073 968 143 68 haec per

3980 992 803 90 quae omnia Inventariorum

4047 1048 727 112 nomine comprehendere licet

4012 1938 404 80 de inscriptis, quae de

3866 1985 912 109 quae d chordis rectangulis in el eodem

3898 2057 345 97 aliaque id genus,

3786 2208 625 102 +certe mirifice profuturos

3711 2627 1009 121 quasi omnia per analysin ja rceptTam

3708 2714 983 80 inveniri possint, quod quam sit falsum

3756 2741 957 119 in progressu patebit; quanquam etsi id

3820 2811 258 108 fieri posset

3972 3054 668 76 F efficiendumque ut omnia sint

4014 3096 640 109 in nostrae potestate, sed

4029 3174 767 82 cum eo pervenerimus, prudent

4207 3212 43 56 p

4041 3222 307 100 est  li

4438 3232 355 90 corematia alioru

4048 3288 743 97 adhibere, bi in promtu habentu

4343 3337 114 63 orum

4017 3354 771 92 neque contemnere aliorum inventa

3983 3414 754 105 quoniam ex multis calculis

4002 3468 728 100 pauci tantum in elegantia

3972 3524 836 95 theoremata desinunt, quae oliarm

3978 3587 805 105 antecessorum studio in aerarium

4002 3648 725 107 publicum relata perennare,

4005 3709 769 112 interest posteritatis: l

1442 1009 813 95 illam hovissimam certi graves
