3292 4766
113 93 1695 163 sed quia vis tota ponderis c. (2 librarum) ipsi ab. incumbit

132 177 1650 159 cum contra non nisi ejus dimidia incubuerit corpori

145 264 1616 149 cf. Ideoduplo amplius comprimetur

195 362 1486 159 quam pars corpus minus, quam comprimitur

211 442 1558 164 pars ei aequalis cf. in majore. Comprimitur

219 510 1743 178 autem cf. in spatium quod est tertia pars dimidium

195 622 1531 159 dupla minus quam spatiusum ed. in quod com

198 691 1698 188 primitur fotum corpus cd. Ideo ab comprimitur

235 799 1637 148 ab. dimidium corporis cd. comprimitur in dimidium

211 879 1468 166 dimidii seu in quartam partem spatii in quod

188 971 1620 154 comprimitur corpus cd.quod autem in exemplo

177 1059 1661 153 dicitur i dimidium, id pate ex statiocinatione esse

209 1138 1536 156 eeneraliter in ratione quae est ab. ad cd. Erit

214 1220 1624 162 ergo dimidio dimidiigratio ab ad cd duplicata

222 1334 448 140 L. E. D.

900 1308 297 92 substituenda

331 1411 1353 137 Coroll.. Hinc si corpus jam sit com

1035 1374 180 103 aliqua

182 1503 1544 141 pessum ad mensurandam novam compressionem

201 1593 1541 133 uaugmentum comprimentis auferendum

188 1668 1202 169 est quantum jam compressum est

283 1768 1449 164 duo corpora Elastica non comprimenda sed

158 1866 268 101 tendend

169 1887 1515 141 primenda sint, calculus ita inibitur: Eadem

169 2012 1547 111 corpora ab. et Cd. exstatu naturali in quonunc

913 1972 723 87 in statu libero non tengo

150 2083 1618 127 constitutatendenda sunt eadem vi

119 2171 1570 132 ut pondere appenso aequali l. vel lb, ponamque

121 2261 1550 140 corpus cd. a pondere appenso. l ita tendi posse

129 2351 1560 140 ut cum antea occusarit spatium cd. quod est ut

143 2438 1512 122 1. nunc occupet spatium C m. quod est ut 3,

127 2523 1520 153 pars ergo cf. prt corpori ab aequalis implebit

148 2621 1562 124 itidem partem quae sit spatium n. quod

156 2700 1552 127 sit similiter ad priuscf ut 3 ad 2.  Ergo

158 2785 1401 143 Nec nisi vi ponderis dimidia Il dimidia

158 2864 2278 138 tendetur cum reliqua r reliquam corporis cd. dimidium nempe fd. in

158 2962 1489 114 in idem spatium spatium proportionale, nom

1559 3021 30 84 n

1644 2968 196 127 op

161 3005 3027 177 (hoc loco aequale) nm tendat. Ergo Torpus minus ab aequale parti cf. itidem dimidio pondes

193 3127 1665 135 ab tendetur in spatium op. aequale spatio

222 3206 1512 140 Cn. a ponderis seu; dimidium

193 3285 1488 151 spatii Cm. a toto m cd. seu corpore

254 3383 630 125 majore occupandi.

979 3362 710 130 Quia vero dimidio

172 3436 1525 157 At dimidio, tantum pondere Quia vera

264 3503 2111 145 dimidio tantum pondere tenditur ad dimidium spatium corporis

153 3582 1674 143 spatii majoris, ideo integro tendetur ad aequale

174 3672 1738 132 duplum dimidii, seu aequale pro dimidio, substituenda

169 3762 1544 111 in genere ratio minoris ad masus divisa per

180 3833 2137 122 se ipsam, ut era triplum partis tertia pars tripli seu

190 3905 2108 130 triplum tertiae partis id est semper idem. Hiv demonstrata

172 3987 1666 135 demonstratuo propositio omnum quasra

2004 3987 345 92 st

246 4088 1517 108 Cerpus maps minuse Duo corpora homogenea

172 4154 1597 124 majus minusve ab eadem mprvi tendi tensum

1819 4079 752 151 sendibilia sed non tensa

148 4225 1720 127 ab eadem vi tendi tensum iri in spatium idem

1838 402 850 146 seu in spatium dimidium

1758 2695 1380 101 + et ad spatium a totd imparum implendum

1872 2751 704 99 ut 1. ad 2.
