2852 4482
1155 522 875 75 Figuras iu utras ejusdem genensseu

1163 560 802 87 ordinis Analytici transuntare

1330 610 670 94 sit transumlanda HG1.

1419 659 603 85 ducantur parallela AO, BL

1424 714 561 75 tertiam positione datam A1

1434 766 533 73 secant es in A et B. a figurae

1449 801 566 77 puncto quovis G ad rectam AB

1449 851 590 77 ducatur Gd parallela ipsi A

1482 893 500 75 dende ex puncto aliquo e

1437 928 575 87 linea OA dato ad punctum

1337 981 705 79 ducatur recta od ipsi BL occurrem

1036 1025 1001 95 in d et a puncto occursus erigatur recta Gd

1028 1078 959 104 gd datum quemvis angulum cum recta BL

1026 1122 964 115 continens atque eam habens ravem ad Od qua

1028 1170 979 107 habet Gd, ad Od et erit g. punctum figurae nova

1033 1222 937 122 hgi, ipsi G respondensens. Hinc si GG est

1018 1269 999 125 recta etium 9g eut recta,i utraque conica

1023 1307 1002 129 Comprehendendo rectas sub sonicis) utraque ejusde

1058 1362 969 117 ordinis Analytici seu epusdem numeri dimensui

1033 1391 1006 142 erit quad Et recta longens in una translali

1023 1441 977 142 in alteram erit etiam ragens. Utiles hoc

1006 1494 1029 124 transcuntuo ad solvendu problemata per figurus

1021 1543 1036 132 faciliv, ut quergendes transumtando in parallela

1013 1596 1046 132 Et u problema solvitur per duas sectiones conicas

1002 1648 1023 119 facile est na eam transmutare in rectarm

1003 1695 1049 132 Et recta cum conica vertitur in recta cum circula

1783 2308 122 84 fi

572 2315 252 110 Nb. 1674

859 2315 104 117 eguae

1011 2308 757 112 den Anguli sectione. xb

445 2385 1948 159 Iac Gregorius prop. 69. suae Germetriae  Curvilineorum haec habet:

1185 2467 1206 115 si circuli eircumferentia dividatur  in partes quorcunue

1222 2522 1186 112 aequales et numero impares, et a quolibet

1225 2602 1079 94 peripheriae puncto ad omnes ejusdem divisiones

1235 2666 1091 100 rectae ducantur, si circulus dividatur in partes

1282 2729 1104 92 tres aequales erit summa primarum aequalis

1277 2788 1054 102 ultimae; si in quinque erit summa primarum

1273 2856 1083 97 ultiinae aequalis summae secundarum, si in

1289 2928 1077 87 septem eut suma sumpra primarum

1272 2980 1176 105 et tertrarum aequalis secundarum &t ultimes

1295 3052 1088 87 si in novem erit summa primam certearum

1267 3100 1091 92 eultimae aequalis simmmae secundarum &

1232 3154 1114 95 Nactarum, X ita deinceps in infinitum.

1214 3214 1144 117 ut in figuru abi circulus in novem partes

1219 3296 342 107 divisqus, erit:

1785 1902 105 80 1od

2110 2302 258 61 eA Sdicite

2152 4332 560 75 Sisnatut. Lf36. 12. 1. 12151. 1081
