4865 4381
119 68 1246 116 fieri nonnisi per Combinationem, et synthetica

58 150 1217 122 potius quam Analytica esse; usus enim symbolorum

53 233 1074 115 analysin non facit. Exempli causa, si

53 299 1210 129 problema aliquod in quo incognitae quaesit

46 369 1245 137 sunt X et y. redactum sit ad duas aequationes

53 455 1106 143 X + y² aequ. a, et X = y aequ. b.

56 537 1152 144 possumus construere problema per intersectionem

65 610 1337 146 circuli cujus radius a, et lineae rectae eti altamen

56 683 1156 142 determinatae per datam b. sed idque nobis

41 761 1239 139 non quidem apparet ex tu sola consiteratione

58 795 2160 185 problematis, quod esset meree analyse sed et (quod sgntheticum sive combinatorium est)

68 873 1392 173 ex cognitione thrma extrinsecus assumta theorematum

51 944 1302 158 ab aliis assumtarum demonstratorum, sive ex locorum

68 1019 1188 163 planorum catalogo s aut Tabula, illic enim

87 1066 1347 182 discimus aquationes in quibus _ quae non assurgunt

73 1153 1339 166 ultra X et y esse ad rectam, quae non assurgunt

68 1224 1300 175 ultra X et y² et in quibus ambo haec quadrata H

53 1321 1222 144 sunt eodem affecta, nec incognitae in se invicem

63 1370 1178 158 eas esse ad circulum. Ho si modo angulus:

60 1440 1150 154 ordinatarum sit ad x axem rectus.

253 1513 1246 161 Ex his itaque intelligi posse arbitior, quid sint denique

56 1613 1244 149 sit dentque synthesis atque Analysis Mathematica

63 1686 1156 151 Compositio ac Resolutio Mathematica, quaam

58 1737 1191 168 natora quas video paucis recte cognitas. Nam

68 1805 1193 168 ut dixi nec lineae synthesin faciunt, neque ut dixi

60 1891 1381 155 symbola analysin. possum enim symbolis demonstrare

60 1947 1169 177 aliquid tecta inventionis origine, et possum

75 2024 1142 154 lineis reterum Geometrarum more adhibitis

75 2085 1595 156 analyticum agere.ed etsi appareat inventae solutionis

1339 2141 175 70 thetica seu

77 2153 1284 166 inventionis origo potest ea tamen esse synthetica

99 2231 1225 176 combinatoria, id est in quam non incidissem

80 2297 1127 175 sine notitus forcusecus assumtis;  n

90 2360 1336 176 ideo neque illa vera est nota analyseos, ut originem

87 2433 1184 168 inventionis exhibeat. Multo magis errant

82 2491 1367 196 qui analysin in eo constituunt, ut aliquid quaesitum

90 2582 1178 160 habeatur pro invento, nam in analysi nunc

87 2652 1215 151 a quaesito ad inventum nunc ab invento nam

90 2704 1368 165 analysis absolvi potest, ne distinguendo quidem utrum

87 2781 1222 164 inventum aut datum sit. Causa autem cur

85 2835 1422 185 demonstrationes per analys Et maxime illi labuntur

87 2915 1298 171 qui putant deesse aliquid analysi ad certitudinem

75 2991 1276 151 nescientes scilicet Geometris adhiben mpe

82 3049 1293 180 proprietates reciproca nihil referre prorsum

90 3183 523 97 an retrorsum eas

672 3122 798 117 Causa autem cur demonstrationes

97 3195 1239 168 analyticae non placeant, haec est, quod homines

82 3283 1162 158 malunt res videre perfectas et perpolitas

90 3356 1171 151 quam rudes et potiendas, qua nam illud est

90 3431 1224 154 gratius, etsi hoc sit ad discendum utilius: itaque

92 3482 1675 166 analyficus apparatum suum exhibens quo ad inventa pervenit

92 3565 1235 146 inveniendum usus est,. Similis est architecto,

109 3641 1249 153 qui perfectis aedibus relinqueret machiras quibus

109 3709 1188 153 usus est ad tollendas substructiones imrchitectis

119 3774 1281 159 caeteris forte grartam rem facturus, si quid singulare

121 3855 1198 123 habet, sed minime caeteris mortalibus. Ea

1386 571 447 103 in definitae quidem

1833 987 141 59 uode

1935 1000 200 78 terminatae

1597 1034 611 107 in quibus nognite non

1643 1100 636 114 Diccuntur in se invicem

1440 1941 882 66 F qua semprr pthelicum est, qua nulta

1465 1969 906 103 conpurgo quod semper syntheticum est

2498 41 1222 105 enim hominum imbecillitas est, ut quaedam

2488 124 1205 109 malint admirari quam scire, et faveant illis

2498 202 1278 133 potius a quibut circulatorio more decipiuntur, quam

2490 292 1189 114 Qui sinceram satis etiam in rebus maximis

2503 360 1190 134 veritatem exhibere pollicentur, Quare si ex

2500 447 1327 134 paucis principiis ita combinatis, ut ratio combinationis

2510 518 1198 126 initio appareat nulla videant inexpectatam

2498 598 1164 132 effalgere demonstrationem mire dele tantur,

2486 674 1290 143 tsi analysi autem sincera et fideli minime

2495 795 275 95 moventur.

2610 829 1083 154 Intellectas jam inveniendis modis, per

2478 910 1634 163 synttes s Analysin scilicet vel Tembinationem res postutat

2481 990 1198 170 superest ut instrumenta inveniendi exponendi

2512 1083 1332 148 exponamus, quae A lysi Characteres esse comperimus,

2510 1168 1290 129 Combinatoriae Invensaria, sed quoniam ijnventaria

2527 1241 1244 143 ipsa charicteribus Systemata quaedam formularum

3725 1346 222 70 nnm e

2503 1294 1190 176 ex characteribus confectarum esse constat apte

2507 1372 1425 168 ordinata esse constat; sequitur totam Invenienct

2525 1453 1183 146 artem  ab Arte Characteristica

2503 1524 1280 177 vera, pendere Barmeteri professi autem

2534 1608 1231 163 sumus hoc loco Charcecteres Matheseos

2515 1693 1207 154 Universalis tantum a nobis perfici receptos,

2517 1776 1137 163 a nobis ita perficiendos esse, ut appareat

2522 1844 1215 176 quantum hactenus desit. Analysi receptae, et

2529 1925 1264 173 quanta res sit Ars characteristica generalis,

2522 2007 1293 161 cujus hoc loco tantum specimina damus. Sed

2537 2076 1519 182 eadem opera x indicabimus artificia indicabimus

2537 2163 1498 178 usque adeo ampla ut paraque hactenus in Mathematiais

2527 2244 1271 185 vi ratione ac  ut non tantum quae hactenus

2532 2324 1264 175 in re mathematica inventa habentur, inde manare

2527 2399 1222 171 constet, sed et aditus appareat ad alia

2529 2470 1449 185 multo majora, quae in vitae humanae usus reperiri possunt,

2512 2565 1174 158 verti possunt, nisi malumus ipsi nostrae

2529 2634 1178 169 felicitati deesse. Cegar tamen aliquando

2656 2711 1067 148 Quantum autem intersit inter nestram

2476 2782 1372 184 Aralysin et receptam hactenus,  ecipta ibg

2505 2893 1162 144 traditam, tum maxime patebit, cum aliquis

2510 2962 1213 148 problema quoddam difficile solvere suscipiet

2486 3035 1129 163 c Problemali autem difficilia voco quae

2651 3112 1074 164 orro sciendum est inter Analysin quam

2481 3224 377 134 nunc trademus

2632 3307 1035 144 COgor autem admonere aliquid de discrimine

2486 3387 1254 137 Analyseos nostrae ac passim receptae; quam quam

2500 3454 1342 143 enim excellentes Geometrae id facile animadvertant,

2500 3521 1373 161 nam sueti tractare problemata sublicmtora  jactatarum

2495 3585 1413 182 vulgo methodorum imperfectionem, quobidie sentiunt

2563 3701 1598 160 et quae his desunt cum opus est magnitudine ingeni supplent

1512 2219 399 88 sive synthetica

372 4154 816 66 OOTTFRED VILHEII LEIBrIIZ BIBLIOTHIEN

4248 4161 417 66 Sionatur. Lti 35. 1. 27. 1161. 8u

355 4227 840 68 NIEDERSACIISISCHE LANDESBIBLIOTHEN

3736 1667 534 113 a nobis tractandos, atque

3950 1538 474 90 quo symbola vocant

3905 1608 175 81 tantums

3676 2611 972 124 ita et scribtre, ut ne cmivis eorum

4027 2560 596 97 tectine ancam rellem, idque

3849 2672 765 140 prostituantur eorum causa, qui

3954 2784 730 78 Se statim quidvis su praestare

3956 2820 697 120 posse jactant illi quod illi

3859 2859 891 146 maxime facere polent, qui loniter ut

3839 2976 860 88 qui vulgari fadam analusi reviter

3854 2998 908 116 imibuti  successumi exiguis quibusdam

3881 3066 867 134 problematibus ila inplantur, ut se

3888 3132 626 162 qudvis praestare posse su

1351 357 521 87 at a et b sunt datae
