4884 4257
3003 160 1327 121 Alius non idem sed diversus ab eo, de quo antea locuti eramus.

2994 293 1859 139 Allevare in altum tollere, vel de imo et ubi quid jacet atque projectum est, sursum tolleret

2998 366 1230 107 in locum altum tendentem adjuvare subjecto corpore suo..

3003 456 1788 135 Allicere suadendo fallere D blanditiis attrahere sive potius inducere atque invitare B

3006 529 1352 109 ad veniendum aliquo aut agendum aliquid quendam permovere.

3001 626 1830 178 Allidere contra aliquid jacere H ad aliquid impingere B rem obstantem praeter opinio

3006 707 544 90 nem violenter tangere.

3006 794 1809 154 Allucinari ex ignorantia peccare D. ad lucem pervenire nitor nec possum H ex Perot. alite

3006 870 1821 125 videre, ad lucem offendere: quia clarâ luce perstricti, inprimis egredientes ex locis obscuris, vis

3008 934 811 82 errant. H. praeter intentionem errare.

3008 1024 1797 160 Alludere ridere adversus alium adulandi causa D ludendo alicui blandiri H. identidem

3008 1111 1812 137 quasi ludendo percutere M ad certam rem gestam aut verba quaedam alias prolata indi.

3006 1189 345 99 cendo respicere.

3003 1298 1514 130 Almus liberaliter nutriens D quod alit M qui potest et vultrem alere.

3008 1421 1816 144 Alere rebus ad vitum cultumque necessariis sustentare vel victu temporali vitam susten

3008 1499 1816 142 tare B incrementum dare H. praebere alicui, quod facit ad staturam ejus augendam

3010 1579 852 95 vel in statu, in quo est, conservandam.

3008 1688 1788 159 Alphabetum literae simplices D. collectio omnium literarum, quibus ad legendum vel

3017 1783 478 87 scribendum utimur.

3015 1903 1812 121 Altare mensa sacrificii D in quo ignis adoletur B ex Festo. quod è terra erectum et exaltatur

3015 1972 1812 135 est H. Altare abalendo, quia igni adduntur alimenta P. vel est instrumentum cultui sacro dic

3020 2048 1249 120 tum, in qua victimae in honorem divini Numinis offeruntur

3025 2171 860 111 Alter posterior sive ultimus ex duobus

3015 2324 1783 137 Altercari est certare opinionibus D alteram partem tueri, Contra alterum contendere H

3022 2395 1800 140 vel, prodere quod diversa simus sententia, quam, qua est ad versarius, illamque diversitatem modt

3020 2454 331 102 omnibus tueri.

3020 2563 1788 130 Alternare, vices mutare D è duobus modo unum modo alterum facere: et quasi alte

3029 2651 1769 108 vicibus variare, vel nunc hoc nunc illud animo agitare B. vel duobus laborantibus

3025 2710 1551 118 cessante socio facere aliquid, ita, ut ille post nos vicissim opus suum faciat.

3027 2826 1774 125 Altitudo rei alicujus sublimitas B. l  uasi alitus, quia, quae aluntur, edita sunt. Al

3032 2906 1750 123 tude est incrementum corporis H quando magnus materiae vario modo dispositae sibi

3036 2963 627 123 ipsi superingestus est cumulus.

3029 3074 1800 128 Alvearium locus pertinens ad detectipennes liquoris dulcis palatrices D locus, ubi

3034 3157 1797 109 copia alveorum; locus, in quem apes suum laborem projiciunt; apum corbis, domuncula

3034 3221 1691 125 truncus. M vel est habitaculum apibus mel et ceram conficientibus destinatum.

3032 3346 1797 128 Alvens basis fluvii D spatium, quo continetur flumen inter utramque ripam; quia alluit

3039 3431 1757 118 utramque ripam, vel etiam alit. vel, vas, in quo apes mellificant, vas ligneum cavum, tabula

3043 3500 1772 132 lusoria M vel multitudo aquae pleno cursu ruens, vel instrumentum excavatum ad

3034 3587 747 109 recipiendas res quasdam factum.

3036 3672 1788 102 Alvus quae recipit cibum et purgari solet; quod abluatur sive eluatur. M Alvus virorum recte dicitur

3043 3757 1772 115 uterus mulcerum, venter utroque modo P. quo defluunt sordes B ex Serrio vel pars corporis inferiora

3042 3798 1035 95 intestina continens, cibum concoquentia et egerentia.

345 4029 868 64 GOTIFRED VILHEIM LEIBRIIZ BIBLIOTHIEX

4233 4041 452 64 Signatuur: L II 4. 7D. 2. 12481-50

331 4105 882 64 NIEDERSACHSISCHELANDESBIBLIOTTEK
