3876 2623
34 63 89 57 i

182 34 1729 88 un transport de lafagon, de nous avons deja explique dans re precede

36 84 1861 92 Mais l'ontee est mobale suc son ale cylindre est mobile sui l'arbic, et ne lou est soint que

75 138 1846 95 par le ressort dans le creux: qui  sea plus foible, quequelques autre, ressorts sirvans.

51 183 1823 105 qui doimuent ceder et par consequent letrans l'cbe surte le cyliude sur l'arbre

75 230 1831 100 edant luus meme sea arriere neferodo poiit d'effest nu de tronsquort suc lesuivant ponr

55 278 1778 103 cet estest voicus le remede. C restol L. que la rone H porte passant contre la

62 326 1809 112 mon murville qu(qui sontient ('arble du loste de 2B) et

72 374 1793 124 y rencontrant une emineace 9. sere oblige derceder et de f'appliguerca, la

94 419 1771 126 plotiue on une unic 1H et par re mogenta pilce longuet. Passantd

93 480 1799 113 in tione de larone unies entrera bcematur aavant et se viendu mebre ontre

71 526 1832 128 deux dens delarone (i0). on m. amsi la par ce moyen le cylindre qui

83 572 1654 147 sontient la ione in sera ferme, a l'artre qui sontient ra voue un e H

96 628 1766 155 Anisi tontes les fors que le  cylmire mno se mebtra a cet

1415 679 389 74 on piere ronde plecine

84 746 405 93 endivit en denor

94 718 1735 147 et tencontient, une eminence rondre comme un anneam on cercean sur la mumille

93 765 1788 154 contre le quel  passe tonsiogis lc bout L. pendant le tour de la lone unic, il

77 811 1774 158 e le restort L seo eblige i la piereL ue terme an ressortL sea obligec de

68 867 1847 154 dentrerpitur avant partae nron de lapiere percee H, et dese mettre antce deno

75 920 1822 143 dents dela, roue (0) on n et par ce mogera le cyliudre qui sontient la none in sera

1199 971 626 100 Mart tois comme itr es

75 1001 1021 119 ferme a barbre qui sontient la rouc unce 1H

196 1024 1685 137 cars il est necessaire que la dite piere  L7 en puisse resortir, et

112 1141 22 49 b

123 1063 1767 155 dentreles dens, atin que le le cylindre et l'arbre A2R foit separes alora

118 1114 1769 149 clla est iccessaie lois que le diti cylindre doit revenvir un Transport du

119 1164 1816 150 preredent, et quem meme temps sonarbre est engage dans sa ione, a dens

110 1225 1799 144 negale, cau alies, il ne pourra pas louiner tans estre delinre de son arbre

93 1272 1783 150 qui logine a part. C'est pourguoque voicus le remede, il fant que le

154 1324 1742 140 nte putindre pracedant reponsse une piece a ressort, visa vis de

803 1379 1048 104 etoile cY, on plustost son arbe, qui perce la

97 1420 627 105 plontese danx la murnible

78 1410 1862 155 muraille du coste de F leve une piece a restort, qui tient l'eminence ferme celte

80 1461 1839 140 emiroe priece estant levec lemineme sortita um peu hiors de la mnoraitec et edera

71 1499 1800 140 ans ressiores qo elle pesoit (qui y est perles pourcelaY et le ressoit,

142 1538 1776 145 honnant libre fera sbitir latarlebont 3. de la piere 7 d'entre les deux

69 1598 1869 127 Hents de larone (10) et pendant qu il est dehors  le transport se fera, parapie

61 1637 1816 134 pussi tost que le transport sem fait, la piere dependente de 1F qui a leve ce qui

74 1683 1791 132 tenvit la piere a ressort dont l'emineme estoit plessee; s'en ira, sa piere a ressolt

78 1720 1811 133 reviendra, et estant plus forte que le ressoit L fera rentrer le ressoit ty d'on

94 1764 1828 130 il estoit sorti si nonc ne nous fions gras a le qu elle doit estre plur. foit, et si nonc

113 1805 1749 137 aignons qu'elle nagisse pas asse, promtemens, nons, pouuons fare in soite que

86 1849 1862 138 apiece dependante de f. qui avore pour amsi duec leve le loquet in continuant

88 1888 1808 137 on en passant outre i'oblige a rege reloumer, et a presser derochet I'emus

93 1933 1785 127 nence. Si it sero mieuu Et comme ca F ca ce qui depend de . F va tres Biste

1100 1965 847 92 Le dennier cas est, lors que l'arbre

88 2003 868 105 ce sera fait incontinent. Lorxque l.

90 2018 1842 137 est Angagee, le cylindre est mene, et doit mener le cylindre suivmit mais il a y a pont

96 2053 1782 147 de difficulte partienliere cor generalement or que les d'arbre et le cylindiesont

100 2098 1799 147 separem, horsuve lecylindre est mene que si l'arbre est sengage, celac estoit necestarie,

87 2142 1850 138 et l'eteca se fernctior sEC ne l.'est pas rela nmira point, car aussi fien n'importet il pas alors

99 2184 1835 127 sil suit on non. sit suit qu'il soit engare on non si le cylindre mene on est et est mine it

151 2245 1450 91 ec dori miner, il de fera, car il ne pent poiur ceder, et est libre.

3050 21 744 50 et qui levent absolumure donte n

3029 45 791 70 difficuete a non avir. curpan aris

2712 72 293 64 pares quelques

3061 78 759 63 prec a'attrudrement de me emetre

1973 69 729 67 entii la peine er j'axen la patiens

2717 119 1090 57 faijam pay trouue. des remeues a toutes lec dittu

1957 109 747 77 echos) I tout dans Despiit, et en re

3687 163 16 45 s

3706 151 18 55 o

2564 147 1087 80 copie passablement it vera tout aussi

2078 158 451 73 loicus le modelle

3636 177 171 69 lorenares

1988 217 1829 116 instructif que les pieces memes, et il ne sera pas difficile a Mous.

3478 287 325 77 I expliqueray

1999 298 1385 104 dlinier apres cela de se remettre tout dans lesprie

2744 345 1066 99 mblein estre pas assese hiea  exprime

2010 390 672 77 neantruvins tout ce qui me

1970 402 1879 109 dars le dessem, et i adjonteray  qui n sioit nas dacis le huod ellee Voicus la disemplivns

2132 444 1714 109 Primierement il y a trois arbies AB, semblables eutve eux scavoi

2795 505 965 88 celuue de milieu 2A2B est encor mis

2015 537 648 92 1AI B. 2A2B, 3A3B

2011 572 1777 140 a coste ,a fin que ce qui ne paroist pas assez bien dans

3664 692 136 61 lindre

2014 654 1838 113 la confusion de toutes les autres pieces puisse estre reconuu plus distinctement

1995 725 1848 130 i part. Le dit arbre 2A2B. porte desex sortes de un rouleau

2001 791 1765 131 creux qui  tl in nopg qui peut tourner sur le dit arbre

2017 928 133 67 2A

2319 871 1465 119 e cylindre  mobile porte deux pieces qui luus sont

2043 939 1777 126 termement attachees, scavoir la roue m de dix d dents et

2931 1022 901 105 L arbre meme porte aussi deuo

2049 1044 752 104 le gramd roulean creux p. g

2059 1106 1650 112 pieces fermement attachees a l'arbre, scanoir tamme

2100 1171 1687 127 la roue dentelce G. aussi de dix dents, e du coste de

2306 1244 1469 119 et la roue ou piece ronde mais platie, unic et sans

2110 1299 168 83 2A.

2736 1311 1019 119 qui porte le ressort L. qui est

2083 1358 588 89 dents, marguee de H

3432 1398 337 89 Quoyque il y

2096 1394 1323 136 presse quelques fois a l'endroit R. par l'etoile.

2094 1463 1741 122 ait une erreur la dessus dans la grande figure, car l'etore

2069 1531 1773 134 portee par l'arbre i Cid doit estre derriere la piece H du coste

2115 1610 1731 113 de L. an lieu qu'elle est representet, comme si elle estoit devant

2953 1678 374 76 limagination

2085 1700 814 95 Mais cela se doit corriger par

2941 1741 888 102 que je viens d'expliguer, il y a

2784 1753 108 90 AB

2084 1761 634 120 Apres les trois Arbres

2062 1811 1762 140 en deuxieme lieu deux autres arbres  Cd., scanoir iCid.

2050 1884 1649 132 et 2C2 D qui portent les roues, d. 25. ont c et les etoiles T. 27.

2036 1970 1809 129 il fant faire enforte que tout aille en comnant et ac lommatit comme il ri est pas difficile

2323 2028 1468 105 Du reste par cxttemaniere on n'a pas befori de faire quon ressoit soit

2033 2082 243 73 defaire.

2569 2067 1277 101 Il sunt que V. londre de telle forte l'estoileF, qud

2040 2117 464 87 plus fort que l'autre

2040 2127 1684 122 ln mone an premier attonchement, pour gagner letemps de mene an recour.

2339 2219 165 58 rdditioi

298 2443 630 50 COFTFRED UILHIEIM LEIBNIIZ BIBLIOTHIE

3288 2452 388 42 SiOnatur: LH 4L, 4, 1. 531I-IBE

301 2503 639 48 NIEDERSRCHSISCHE LANDESBIBLIOTNE

3730 2235 51 50 e
