4888 4253
3049 193 874 104 quem ridere, vel videntem alium aspicere.

3056 120 1789 125 Arridere ridendo applaudere vel risu latitiam ostendere H parasitorum more ad ali

3056 297 1245 109 Arrogantia est vitium, quo quis ostendit se nimium sibitribuere.

3056 396 1768 133 Articulus est pars, in quam res longa rigida flectendo dividitur, ut res rigida sit extra illos

3056 470 1562 118 flexus. Intelligitur deinde gene ralius de omni rei longae in partes exignas divisione.

3058 569 1123 111 Arx est domus magna munita, apta ad arcendos hostes.

3046 680 1364 128 Ascendere ad aliquid scandere J. L. gradatim in loca superiora eniti.

3056 803 1486 123 Aspicere ad aliquid oculos intendere J. L oculos intentos ad aliquid dirigere

3049 907 1463 130 Aspirare spiritum ad aliquid appellere sive tractione sive pulsione. Aspirare e

3056 985 1482 104 conatum impendere adrem consequendam labore magis animi quam corporis.

4616 961 253 121 est magnum

3053 1063 693 104 Assiduitas est laboris continuitas

3051 1176 771 106 Assvoscere consvetudinem acquirere.

3049 1271 1803 111 Astologia est prognosticon seu divinatio rerum futurarum ex astris sive in themate natalitio

3051 1339 1621 114 sive in tempestatibus et aëris constitutione, vel est scientia coelestis influentiae L. P.

3049 1443 1791 128 Asylum templum misericordia, unde neminem extrahi per vim fas erat L. P locus, in quo

3039 1512 792 125 quis tutus a persequentibus esse potest.

3044 1620 1631 126 Atomus minimum corpusculum, quod amplius dividi nequit quoad sensum. L. P

3049 1729 1779 116 Atrium est genus aedificii ante aedem continens mediam aream, in quam collecta ex omni

3039 1795 1189 109 tecto pluvia descendit J. L. ex Festo. pars anterior domus.

3039 1894 1607 135 Atrox, cui placet torquere alios absque causa, atque in tormentis modum excedere.

3037 2020 1820 165 Avaritia nimia pecuniae cupiditas, quasi ab ea penderet hominis felicitas L. P habendi cupi-

3044 2088 1784 163 ditas, vel opinatio vehemens de pecunia, quasi valde expetenda sit inhaerens et penitus insita. F.

3044 2199 1584 154 Autor, qui ferit aliquod opus T. L qui aliquid primus et praecipuus instituit H

3042 2275 1141 118 cepit sive cui initia rei debentur. Causa rei principalis L. P

4635 2268 212 111 quinem in

3039 2372 638 125 Audacia est fiducia et securitas

3037 2457 650 97 periculi non necessaria aggressio.

3720 2421 1132 147 va quis aliquid audet etiam cum periculo J. L ex Cic. magni

3030 2537 1817 196 Atudire est auribus percipere P. percipere sonum, qui ex subita corporum inter se facta collisione

3030 2627 309 83 excitatur L. P

3032 2703 1822 189 Auferre ea, quae cum fastidio cernimus, in alium locum deportare P efficere, ut aliquid non

3034 2792 622 90 sit amplius loco, quo fuit antea.

3034 2863 1745 173 Augere majus facere, ad quantitatem aliquid addere H. magnitudine rei aliquid adjicere

3027 2967 1170 135 Aurichalcum est aes arte praeparatum auri formam referens

3023 3071 1612 182 Aurora rubedo in nubibus oriente sole  in plaga orientali apparens.

3025 3180 1496 165 Aurum metallorum nobilissimum, nullo igni combustibile atque ductile. L. P

3023 3286 1791 189 Austeritas est sapor fructuum, qui nondum plenam maturitatem sunt assecuti; minus linguam

3027 3374 1634 155 astrigens et contrahens, quan acerbitas. H qua aliis moribus nostris molesti sumus.

3020 3454 1149 158 Automatus qui seipsum nullo adjuvante sua sponte movet,

3023 3553 1824 199 Antumnus pars anni, quam sol ab aequatore ad tropicum Capvicorni transiens efficit, fructi

3004 3633 550 102 bus colligendis destinata.

3018 3730 690 131 Avunculus matris meae frater.

345 4026 869 63 SOTTFRED VILHIEIM LEIBNIZ BIBLIOTHIEK

4228 4028 478 71 Signatu: LHI a. 70. 2. 12601. 11

333 4099 884 59 NIEDERSACFSISCHE LANDESBIBLIOTTEK
