3881 2638
2381 58 679 70 Romarques poncle monement

3155 64 638 81 cacte dans le crenx du routean oC p

2031 106 1427 85 il fant renveser la figure en focte que A suit en hant, B eu bas.

2019 161 1829 83 il sant tomner ausso le gan anisi dememe droit vieniia a gauctre es leganche a dioil

2032 209 1465 92 par consequent 1T et 2s. C Sit faut mettre la t

2032 278 1788 72 om ciem des nabas manques 27. 2S. 2C3 et viceversa: item 4A3B un lieu de 3A

3318 250 117 63 Claretti

3447 212 394 86 arge . + S. 1C. id

2012 322 331 59 s et viceverta

1988 360 1448 81 ly a plusdeurseas. Cac premierement un poulean est mene par

2025 411 119 60 pemcilis

1966 407 1824 104 La RonetG est menee par la roue a dens megales mvis qui nest pac desseignee icu. son

1971 467 1114 101 cilindre est ferme a a l'arbie a e catiudre

2400 529 32 33 ce

2519 529 23 29 sa

2633 508 345 51 isear duim tati

3113 463 641 79 muis tans tous les suivans il est

1978 523 1803 95 mobile. Ab pargue, proche du bout ab endioit marique de V. il u doit

2941 564 40 41 id

1975 573 1799 92 avoir une piece, la quelle lorq que lercu le cylindre su le houleau qui porte

3085 614 545 52 pog ficice le srpsi qout

1966 630 1152 107 les duifrespc.) a fait untour  prenme l'estoile.

3151 658 19 35 .

3177 631 665 65 Cette etolle tomnee tomme

2135 703 98 60 sig.

1965 677 1847 126 la roue  1s laquelle prend de prynon in et le fait alter fort viste a fin que

1972 741 1873 111 la piece oy prenne la rone (10) et la fasse allvistem atant qu il fant pour avancer

1980 795 1808 119 unecnt. La rone (10) depend du cyrindre A2 qui est sur l ninopgs. qui

1985 880 553 85 est sur l'arbre 2A2B.

2693 850 1094 109 (Arbre 2ALB. peut estre in plusieurs differens

1966 936 651 89 estats l'un que sa rone

2564 974 414 73 lipere de varbu nAr

2720 930 1048 87 ne soit pas engagee dans la rouc a dens

1983 1012 816 72 anegales (ot que le rontcenus auss

2564 1042 622 68 st a dira pisait pas enior fait sonton

2830 992 989 74 en avangant ne mene pount de cylindre

1994 1053 1785 95 quivant de l'arbre 2A3B, eu ce lar il ny a point de difficulte car

1987 1102 1737 108 il ne muit par que se cylindre et son arbre 2AAB manhint ensertible

2000 1160 1788 112 puisque larbre n est pas engage dans la rone a dens inegaler. Or pourtes

1984 1223 1846 97 farre marcier ensemble il suffit quer le ressoit eax qui est dans le cremx

1990 1280 1817 102 du rouleam porte littre, pus de varbie 2A2B) toit assez fort pour tex unoz.

1969 1333 1832 98 eusemble  le  cyliudre et l'a bres et il e I est puisus niea ne resiste

1988 1387 1695 91 grotana mamtenant le cas que larbiA2B foit canausu dans la ione

1959 1447 1773 91 dens dienales un sunc estre obligs ponitant ee meneo le cyliendre suirunt oblido

1955 1500 1772 87 de mener le cylindre quivunt de Carbhe 3A3B. it prendra l'estoile EF par l endivit

1961 1546 718 92 mangue de V. comte le premier

1968 1554 1814 125 cette union, mais et an monnement du cylindre et arbre ensemble il ne restit

1969 1613 1744 117 resiste quan seut ressort engage dans la rone 26 mars il est oblige de ceder

2856 1663 934 81 C'artre. A1B, et son Cylindre estant fermes

1985 1685 845 104 parcequ il nya que lnus qui le prisse

1966 1761 226 75 ensemble

2396 1720 1386 84 Posons mai utenant le cas que l'arbre 2A2B lammeme soit

1974 1760 1829 111 envane dans a  oblige demener le cylindre suivant pendunt qu il est menet par

1962 1809 1855 109 le precedent; Lo sans estre ingage de dans sa lose a deni inegales il est manfeste

1965 1862 1778 91 que rien un pentmommoders caq estant oblige d'alter parce que ce qui le

1961 1908 1834 91 lmene ne cede point, il fera alter indubitabtement, soit que son arbre aille avec

1968 1952 1728 105 on non, (quoqque il ne nanquera pas de lefaie, pono cequi nons drons cu apres

1966 1990 1827 114 srais ea cas qu ut sort. Maut Maimenunt posons un antee cas que

1956 2044 1796 110 l'arbre 2ArBn c on son cglindre ne recome point, et monvement

1966 2091 1778 108 dn precedent, mais sentement de sa nonta dens inegaler dans laquelec il est

1949 2142 1797 103 eugage alors le cylindre comrnant avec l'arbre, et ayant fait un lour l'endaviq

1984 2188 1806 121 du cyliudre frobile sui l'arbre) margue deV. vcendio a frapper l'estoile pono faire

293 2453 659 56 COTTERIED VILHIEIM LEIBNIIZ BIBLIOTHIEE

3280 2467 401 50 Signatur: LH A2, 4, I, B3ZI- I6V

298 2519 659 48 NIEDERSACNSISCHE LANDESBIBLIOTHEN

3686 2264 56 80 1d
