4884 4284
2963 85 1871 103 Fornix arcus in adificiis et quodcunque opus concameratum. Fornices erant arcus in memoriam re

2977 147 1857 110 rum atriumphalibus viris gestarum extructi, quasi monumenta victoriarum. J. L. arcuata structu

2977 209 1859 109 ra, opus concameratum. impurarum mulierum habitacula M. pars cerebri intrinseca H. ve

2982 268 1861 103 tectum cavum in extremis sustentatum, vel, compositio lapidum vel alius rei durae, materii

2982 326 1863 133 quadam combinante connexae, conclavibus quibusdam vel aedificiorum publicorum atque magnifi

2977 392 566 110 rum pergulis superinducta.

2975 495 1868 123 Fortis, qui est validis viribus praeditus; vel qui aequo animo fert adversa J. L. qui observat mediori

2977 566 1868 105 tatem circa timorem et confidentiam, vel circa ea, quae timorem et confidentiam facere possunt. vel

2984 621 1866 109 observans decorem in adeundis aut declinandis periculis, laboribus ipsaque morte, et pugnans pro ju

2977 678 1873 121 stitia L P. qui viribus pollet ad aliquid ferendum M. qui in rebus tristibus rectè se gerere novil

2977 771 1859 135 Forum locus in provinciis, sive oppidum sive vicus, in quo magistratus jus dicebat, et de privatis

2982 852 1868 107 controversiis cognoscebat P. negotiationis locus, quo venalia feruntur J. L. ex Festo. in quo judicu

2987 916 1849 95 publica exercebantur. J. L. locus verum venalium, quae eo feruntur M. vel locus, in quo judicii

2984 968 1859 112 fieri, cum populo agi et conciones haberi solent M. vel locus in civitate, ubi res ad vitam hum

2987 1025 761 103 nam necessariae venum exponuntur.

2987 1118 1847 131 Foveo calidum teneo sive calefacio. J. L. calore conveniente curo vel beo. nutrio, calefacio

2984 1185 1842 114 reficio vel percibum, vel per caloram, vel per requiem, vel per amplexum, vel per tecturam, ve

2989 1239 1847 139 per defensionem M. vel rem materiae cuidam molli includo ad gratum calorem ei conciliandus

2984 1349 1859 119 Fomes qui nutrit sive foret ignem; vel assula ex arbore excussa, dum caditur; vel omnis materia sic

2991 1413 1823 105 quae facile igni inflammatur; vel quicquid excitat nos et accendit ad aliquid agendum. J. L. quo ignis e

2998 1473 1833 112 et foveri potest. quicquid fovetrem. materia sicca, in qua ignis facile inflammatur M ex Perottao

2991 1530 1852 112 est inordinata et habitualis concupiscentia appetitus sensitivi: quasi ab ipsa creatione naturae si

2984 1592 1854 121 aliqua inordinatio in appetitu contra rationem per donum supernaturale corrigenda. L. P. vel materia fa

2982 1661 557 107 ignem concipiens et servans

2989 1749 1845 95 Fraenum instrumentum, quo equus retinetur et domatur; quod equorum ora frangit J. L. quod equos

2991 1811 1828 109 fremere cogit; quod equi frendent; ferrum, quodinos injicitur; quod equos vertit fertque, quo vult. M

2991 1863 1209 110 instrumentum ad dirigendum et retinendum equum factum.

2975 1965 1899 122 Frater quasi fere alter J. L qui iisdem mecum natus est parentibus, vel altero parente tantum. vel

2994 2039 1868 105 est filius ejusdem mecum patris aut matris. M. vel frater quis dicitur iis, qui ex ipsius parentibus nabi

2996 2096 124 76 sunt.

2984 2168 1878 90 Fremere immaniter sonare J. L est emittere sonum varium et turbulentum, qualis exandiri solet in fu

2991 2222 1852 98 multu populari, in hostili congressione, et in mari furentibus ventis P. impetuose sonare, indignatio

2987 2284 1837 96 documentum edere; furorem mentis usque ad vocis tumultum excitare M ex Papia. ex indigna

2996 2346 481 98 sonum terribilem edere.

2987 2434 1868 117 Frendere simul concussis et strictis dentibus veluti cum iracundia vorem emittere. J. L vel strictis et

2989 2503 1868 117 concussis dentibus minatiter sonare, ut faciunt irati et furiosi P. minando frangere dentes et com.

2994 2563 1287 107 primere M ex Isid. dentium attritu ingratum sonum excitare.

2977 2672 1861 117 Frequens locus, quem frequentare multi solent. creber et assiduus, copiosus et multus J. L. ex Valla ferens

2994 2739 1840 119 quantitatem sive multitudinem M. quasi fruens curiâ H frequens locus, ubi multi conveniunt et si

2989 2808 181 86 ad sunt.

2991 2884 1866 121 Frigere frigore confici et horrere J. L percipere qualitatem congregantem homeogenea et heteroges

2989 2946 1242 109 cir i patella coquere, in bulyro vel oleo M. absentiam caloris sentire.

2989 3036 1871 143 Frivolus fragilis et infirmus, qui facile conteri et comminui potest. verba frivola quae minus sunt fide subui

2984 3110 1859 133 xa J. L Frivolum est inane, leve nulliusque momenti quasi frrabile. vel quasi fere valens obolum. frivola sunt

2996 3167 1835 150 vasa fictilia quassa H. quod nullius momenti vel pretii est, quod facile friari potest M. res indigna, pro

2994 3243 1161 112 pter quam quis se fricet vola. homo ineptos sermones proferens

2989 3336 1864 138 Fuga absceosus cum celeritate J. L. citus cursus, ut, cum aliquid velociter persequimur aut vitamus

2996 3420 1197 92 M. abitus subitanens è loco, ubi ad huc subsistere debebamus.

2994 3496 1368 112 Fulcire dicitur id, quod suppositum incumbenti oneri id sustinet M

4369 3531 455 119 cavere, ne res collaba

2991 3572 1647 124 H. ponere rem infra alteram, ut haec illi innitatur, et illa lapsum hujus impediat.

2989 3679 1845 131 Fulgere lucere et splendorem emittere J. L. fulget naturâ ut ignis, sol: splendet artificio, ut au

3003 3753 1776 145 rum, argentum P. particulas minutis simas ejicere, quae oculos ferire atque illuminare posint.

349 4055 862 67 COFIFRED UILHELM LEIBNIIZ BIBLIOTHIEK

4229 4069 457 65 Signalur. LH 4. 7D. 2. 12061.207

342 4134 874 59 NIEDERSACHSISCHELANDESBIBLIOTHEK

4641 61 69 68 29
