4619 4286
104 121 108 107 e.

257 112 910 133 Nimirum puer ingeniosus et attentus

86 169 1145 159 licet paucissima expertus, perfecte intelligere

90 242 1258 160 potest, praeceptorem de metaphysicis, mathematicis,

131 297 1264 155 moralibus, jurispiudentia _ et rebus metaphyficis

1455 316 460 91 saltem cum

131 380 1774 146 difserentem, tame  intelliget inquam, ncu ipsi proponuntur

111 445 1153 171 tametsi retinere et ad usum transferre

121 514 1234 183 b experientiae defectum non possit. Sed nobis

114 597 1077 167 sufficit praeceptorem ab eo intelligi, ut

142 661 1041 174 appareat, omnium illarum notionum

123 702 1496 219 semina jam in ipso esse,  ac proinde ex

140 804 1134 181 pancis, illis notionibus quas puer jam

131 895 1069 183 habet, infinitas illas; quas praeceptor

85 964 1091 167 ex plicat necessario componi.

273 1083 863 167 Hinc sequitur inrefragabiliter

102 1159 1115 179 Si quis notiones

104 1304 412 110 primitivas quas

524 1238 771 119 habeTredigat in catalogum

109 1304 1632 167 et inilibet ascriba aliquem characterem qualemcunque aut literam

121 1400 1072 152 ex hoc Alphabeto; vetut literam

126 1471 1153 169 eum notiones omnes ex his composita

159 1547 1253 167 id est notiones omnes quae puero illi sine

107 1635 1076 162 non demonstratione oculari explicari

145 1712 1038 164 possunt ps vocabulis ex his literis sive

121 1790 1222 148 characteribus compositis designare e

142 1873 1195 150 Et cum pleraeque scientiae,  puero proponis

128 1935 1148 165 possint sine demonstratione oculari (tametsi

97 1997 1332 167 ad memoriam et praxiu demonstratio occularis subinde

109 2059 1470 167 requiratur) sequitur perasque fientias ideas plerisque

116 2122 1537 182 ideaes bis Scientiis contentas hoc sive linguae sive

126 2228 965 145 characteris genere posse designari.

369 2316 824 146 haractere hoc semel constitato,

114 2383 1143 160 sequitur ejus epe de per solum calculum

126 2462 1227 161 demonstrari posse omnes veritates quaecunque

233 2531 1198 145 CIstendi jam quomodo simplex prima

104 2607 1225 166 mentis operatio hoc charactere juratur

97 2662 1353 178 id est notionum p formatio hoc characteris,

109 2795 379 138 generem juvetur

354 2807 822 147 Hfaee autem designatio notionum

95 2876 1077 169 l illud habebit excellens, ut

104 2935 1182 177 eadem sit  inter se  relatio characterum

135 3026 1091 155 quae est notionum:  quod non est

140 3069 1184 164 in characteribus vulgaribus; nam etsi exempli

159 3150 1024 169 gratia Incifer  aurifabri nomen

133 3207 1120 169 componatur, ex anri et fabri nomine, quia

933 3269 217 107 s duobus

138 3302 750 136 et auri fabi notio ejus ex

131 3390 297 103 componitur

533 3297 1072 160 auri tamen io non componitu, ex literis

152 3452 322 98 ex notionibus

528 3393 858 123 flavedinis et gravi metalleitatem

169 3404 1696 231 flavedinem et gravitatem desiguantibus, quibus auri notio constat

190 3524 1022 150 nec fabri nomen componitur ex literis

202 3557 1454 205 significantiovus opificem igne ntentemforte

214 3690 707 121 relu formantem

1434 1603 602 97 novae cujusdam qualitatis

1484 1666 212 82 sensibilis

1443 1897 772 105 + novarum qualitatum sensibilium

2520 74 619 126 Manifestumautem

2515 130 955 124 btadum est nullas hic fe

2396 216 1253 141 aequivolationes metui posse quibus plesom

2403 292 1296 153 uquibus plerique errores in ratiocinando

2434 376 1017 133 originem suam debent. Et cum

2403 426 1327 174 experientia constet, pleraque in conversationibus

2417 523 1189 148 argumento et responsi argumentationes

2386 592 1189 155 in apto quodam verborum usu consistere,

2422 652 1141 150 et eum vicisse videri qui concinnum aliquid

2413 711 1105 167 dixit etsi saepe re diligenter excussa denique

2413 773 1138 181 appareat concinnitatem in verbis potius

2377 835 1155 184 quam rebus sitam esse: hinc linguae hujus

2375 907 1133 178 Et quando in usum transferetur incredibitis

2370 1000 1081 164 utilitas eminebit. nam cum plerumque

2366 1066 1133 165 in hominibus promtis lingua praecurrat

2377 1126 1081 171 mentem, et parum eloquens ille

2396 1178 1289 186 futurus sit, qui nullum verbum nnisi ratiocinando

2398 1271 1082 140 quaesitum enuntiet hinc min

2370 1338 1062 166 acumina quae ingeniosis hominibus in

2372 1402 1091 174 loquendo scibendoque non desunt, non

2377 1471 1105 155 ut nunc fit in lusibus vocabulorum

2365 1528 1201 184 consistent, sed solidas venitates exhibebunt

2408 1685 193 81 quoniam

2684 1612 920 140 In hac lingua omnes vacabulorum

2417 1683 1132 150 allusione tiam rerum cognationes dubnt

2427 1750 1003 173 si ehibet involvent

2594 1852 838 126 stendi jam quomodo prima

2370 1909 1196 162 mentis operatio hoc charactere juvetur

2427 1988 1115 150 Ideniendum, nunc est ad veritires

2413 2052 1317 171 seu secundam tertiamque Mentis operationem.

2405 2114 1816 174 quas ideo conjurigo, quia eta seu secunta mentis operatio

2389 2188 1212 174 en experimentis neque invenii dis

2370 2266 1117 160 nequ examinari nisi per tentiam

2408 2397 329 126 mote

2894 2331 707 135 per tertiam didigenda est

2410 2390 1246 193 Peritates enim (exceptis experimentis)

2398 2523 365 131 non possunt

2779 2469 713 119 invenori aut dijudicari

2391 2521 1260 179 nisi per ratioinationes. Ostendendum

2413 2681 240 109 est ergo

2765 2607 770 147 Characteristicam nostram

2429 2702 1137 164 ad inventionem et judicium veritatum

2398 2809 579 157 mirifice prodesse.

2513 2883 1043 174 Ajo itaque: omnes Veritates

2436 2976 1189 195 vae de rebus uhac lingua exprimibilibus

2441 3074 1098 161 demonstrari possunt, sine adhibitione

2408 3159 1305 162 novarum notionum hac lingua non expressarum;

2420 3247 1122 143 eas omnes posse demonstrari solo calculo

2415 3335 1155 117 sive sola trancpositione trans tractatione

2398 3390 1149 134 characterum, sine ullo imaginationis labore

2394 3452 1348 160 aut mentis nisum Quid sit solu calculo prorsus

2410 3521 1322 164 demonstrare, is facile intelligit, qui Algebram

2417 3662 272 100 salutu

2751 3595 815 136 quemadmodum fit in Arithmetica

2434 3702 339 110 et Algebra.

340 4066 803 69 GOTTFRED MILHIEIM LEIBNIIZ BIBLIOTHEX

3994 4069 458 78 Signatis:. LtI 4. 7C. 13241-1600 se

319 4140 826 62 NIEDERSRCNSISCHELANDESBIBLIOTHEK

4178 176 115 91 ot

3680 3352 662 93 + secundum certam quandam

3788 3402 328 98 formam
