2424 4169
398 37 1935 143 iffcultas in primis a eo est ut lbinctur pa maguo claterio, id oniu cum debent sit sabie

1761 85 579 109 itaque  licebit eam libem

291 101 1400 158 forte non liberter cedet debitiori quod Vcum axe suo connectit

264 148 2099 173 rationem efficere lento motu, ut paulatum  lingula ex fossuli exvat, dmante circulto

280 275 468 134 ipsins y

421 250 1921 185 Sed hoc cum considero affulget nova lax, utmitum, non videtur opus esse separata

282 335 2060 167 vi ad Elaterium magnum relendendum, sed hoc ipso circuiti  peri focasse potest axit in qu

275 389 2079 178 est  fieri portasse potest, si scilicet mugna parte erienitus dimidia parte magna parte cira

289 440 2058 176 insumta agatur e sub f, et ita cendatur fe nosssime autem propellatur p evusque ut rursa

278 491 2078 178 delubatur delabatur ex de muticulo, et tumdemum diundium reliquum umeris rolae p absolvatus

282 551 2091 185 eoque ipso agat seu transportet. Sed sunt difficultates circa regessam motum gnliarium, inprimo

296 595 2002 199 lnca rescessum  supervenientem non absoluta trausporta hone. Nam facta

282 664 2042 192 h vix rausportatione, et superofmiente statum regessu retendendi tenuus non est, qua

354 715 2032 195 ponamus venisse, axom in quo est 1x super o, et ila factum esse transportationem isequa

282 778 2086 176 tem axem Eet statumm sequi regressum subtinctionem vel divitionem, seu subtrahialiqu

621 824 1765 171 ab hoc 0. vel lo tunc statim transportatio fieri debet in axem sequente

326 884 1945 176 cum tamen elaterium non dum sit retensum. Utaque detiur ad recendendum rtaque

294 924 2090 201 videtur hfcrius coaragrasi cogitatio

291 995 2047 195 d non posse procedere nec licebrt magno circuitu uti ad relendendum Elaterium

317 1107 1080 146 sed aliquo lantum ad liberandum. Ex crunitus

393 1215 172 77 itaque

567 1146 1022 144 manet quod diximus ad sign. C

417 1204 1946 187 Sed nunc demum adhuc nova incitit constructio nostrae Machino, composita

298 1273 1991 204 ex his quae diximus pagnia proecedente de rota super axe mobili, et ei per

303 1338 2025 189 dglateriolum connexa, transportationes tamer quae extra transportationes cum

285 1382 2094 216 axe movetur, at transportationes sola recipit. Hicquae ob magnam cplemi

282 1449 2088 181 tllem motum ordinarium non turbant. Hurc atjiciamus jam aliquid ex velei nostru

1332 1507 927 121 medium disponatur lantum Cet deinde

303 1565 1006 139 constructione, ut scilicet pro transportatione

305 1540 2042 210 excrubi motu dispositum arripiatur, et ad perficienda denique transportationem perducatur

1165 1602 1212 151 in si placet 5 circiter deltium simulis illis vas ne

692 1688 357 97 ex et iy. sa

319 1716 364 99 Niminuq inter

322 1662 2041 214 recus machina exhibet. Eam dipoat trachiolum y. quo farto inferiorem eu palem

331 1730 2037 197 impiat, rota quae duas dentium aequalum conectit aquae etiam in medio positu est, e ita

729 1781 1632 152 unum u in eandem pengum tendant amb omnia, alterum crius Transportavis)

336 1885 393 95 abet duplice usum

338 1822 2009 195 cuo facto anrs sinistra ani act fa propellet rotam 1V. sed efficiendum ut propellat

869 1882 1478 151 Nota potest rota connextens duas gotas mulliplicationis esse utraqu

354 1966 338 109 summa celeritate

349 1936 2005 169 Vea est. potest di effici ut ipsa eotu maltiplicaois 2d quod quaeriam effierat et rota

373 1991 1909 167 Permedio sit inn decesse super ipsa et infra rota v. Quicquid sit habemus tande

347 2035 1991 172 Merhod certam et satis contrnetam, quam nunc cogitemus veidere sumplicissimam

373 2098 1955 164 omnia autem Elateria magna hac rave evanescunt. Cantum ut

356 2147 1970 173 lateriobum rotae a ai elator ola rotae B, ita elatersolam roto mediae, seu

1735 2274 251 69 et per hanc 17

370 2197 1919 190 disponedae utuue est, rotae  se spacula i est elateriolo fortius ese

361 2297 825 132 ebet Elateriolo rotae disponenda

373 2299 2006 165 les siu instatui podest Rorqus eMullypcicutionis re ciceunun it rotam ab, cnius udeus oentradutum u, langib

574 2353 1808 159 ota dispositionis Dentem p eumque pamus promivet, ut denss arripi possit a rota connectent

581 2397 1766 155 rotas multiplicationis, b. quae in eandem it planumnum ib jum (aurepta a b

630 2443 1696 164 tunc dens  rotae dippositionis agit rotam 20.. Ubi notandum si rolae dispositionis

639 2487 1622 174 dentes non possunt cecommodari tribus officiis, posse peures diversas rotas iei poni ad eunde

641 2529 1639 160 axim, unos ante vel post liam, quam si opus unasurs dentibas semper ad b, atra semper

739 2545 1592 184 alia denique trpe ad Y. saccommodetur. debet et effici et   celenim

1909 2644 364 77 adet quam co dentes

693 2603 1547 194 moveat unum dentem ipsius b. quod effici potest, si dens  longus dentem notae Grevis ae ipsi

1186 2675 572 99 c parum Essianimalla rotu

1490 2665 876 130 enum hoc incommodum superesse videtur equ

709 2733 435 90 ipsi v adhaerentis moveat

706 2739 719 130 er habibit scilicet decenidentes exiguos

685 2714 1706 178 uo finem operationis restare possunt quaedam adhuc peragendii pen transpatationes cui inconrodo

607 2765 1789 190 nonnhil occuri pt, ffficiendo ut p propellatur primostatim imtio d Ecicuae partis 10 &t sic consentiente mola

534 2816 1855 178 Rotae be, immedrate post brapiat et et 2 rapiat x. ita ut id sit peractam anes dimidiam secimam ipsius

517 2858 1733 180 Et s transportatio paro necessaria in 3V. tunc 2b muture aute decimam ipsit 1V absolutam

400 2881 1970 211 pali quematium opus esset plures quam 1o esse dentes ppsius b, t v. g. 40.  ut decima pars habea t

396 2932 1983 210 extes, qu ita ut durus primus rocae ib agit in 1s, sermidusrotae 24 agut in is, et ita pono sed dificlis

267 2978 2117 204 nonnoi horpacomodosio et spaliogui sumplex sit machina hac residua ndeere nen neon possunt, ut ex defe

285 3027 2094 201 nea methodo apparnit. Estt est et hoc igcommodum, quod etio ducunte ad ditine e subtrnctione sola

289 3075 2063 199 ipus est movere rotas e positas super o. ut fiant linosportaves. Nota si, aeternisunus dens rotae e

285 3126 2094 195 onenqus, illus tempore facilius fient sinasportationes ad huc residues. & cu hoc se velium etfici honsfor

251 3182 2094 190 nationes semper tempore dentis imcui ipsius e non oss esset duperci rota a et V. nec (altu

250 3300 920 120 seu motu fotae Vsu per elaterictum axis ar

475 3235 1865 239 ovissime video omnibus ablegatis dispositionibus ad simplicem limistatione sic

1494 3353 888 121 idque non immediate quia simplici ductu, ita

283 3307 2073 232 perveniri posss: pono ie agere ia, et per consegulus ox quae suo cireuito peracto per iatermediam rotam ope

1443 3397 909 130 atinus seceritatis in contiunatis trnusportationibis

1944 3444 442 83 et hoc cuusus ita 3V E

482 3430 994 139 brachicli iy per intermediam rotam p taunsferat in 2

486 3506 737 95 nim relaberemum in velerem difficultale,

1068 3525 178 62 lomam ipsiq

1325 3481 46 90 ced

1378 3471 533 91 rjusam decima in ratione dpla

440 3550 547 77 na dum  iv celtriterager moot

493 3478 1884 181 ex sin simul 10 deberet movere 2V, et 21 Toveae 3V, moveretum 3V inqua drapta celentate e&t ita porro. Hoc ut evita

424 3520 1953 192 sit Elaterium notu ex paulonate tra applicatum rotae p roteantensum semper a motu generali dotamu intermediarm b

2284 3627 75 60 ictu

442 3555 1921 197 quovis testit pacte prima pertia parte gutati is decimae gyrationis; si folte san tensum non sit et ita vel

523 3592 1829 192 qussa vel in progressu, media pulem tertia fiori debet tansportad qusi qua supervemat. Porro c

395 3661 1665 160 empus transportationis elaterium liberatur ab  etig et ab efaterio propellituo lota 19ma

391 3803 276 62 iberatur et 2P sid

665 3664 1696 185 lsopus imo e 3B c. Et fieri potest ut hoc uodo sex contrngunt aiberationes antequ duae

1427 3775 239 62 intragendum

1670 3715 675 90 defert a ainem hoc tempus ab solor

1450 3814 151 56 nde

1756 3759 605 85 utra semrentis gygationis quia pustem

398 3840 195 60 iliae ipsiusde

713 3784 691 86 grationis u absolvantur; et ita n supem

354 3869 243 77 de vidcntur hle

711 3840 535 99 estunsprtaves absoloi elent

1332 3847 141 64 laterimque

1538 3821 100 74 elendi

1647 3821 60 67 deb

1784 3782 591 102 cumt forte distlosum ve interdisab

2213 3830 122 56 atis forte

1290 3881 142 54 nentit

1443 3881 16 51 e

1478 3851 88 84 eu

1608 3842 491 79 sit debet autem iv tlaterm

357 3881 2004 107 enct ut leveset implicetur denti reetalumd isticile A rnditis soiltento netube  n brare inte cranscoratione
