<?xml version="1.0" encoding="UTF-8"?>
<alto xmlns:xsi="http://www.w3.org/2001/XMLSchema-instance"
      xmlns="http://www.loc.gov/standards/alto/ns-v4#"
      xsi:schemaLocation="http://www.loc.gov/standards/alto/ns-v4# http://www.loc.gov/standards/alto/v4/alto-4-2.xsd">
  <Description>
    <MeasurementUnit>pixel</MeasurementUnit>
    <sourceImageInformation>
      <fileName>LH_4_7D_2_0025v.jpg</fileName>
      
    </sourceImageInformation>
  </Description>
  
  <Tags>
    <OtherTag ID="BT16575" LABEL="MarginTextZone" DESCRIPTION="block type MarginTextZone"/><OtherTag ID="BT16576" LABEL="DamageZone" DESCRIPTION="block type DamageZone"/><OtherTag ID="BT16577" LABEL="DigitizationArtefactZone" DESCRIPTION="block type DigitizationArtefactZone"/><OtherTag ID="BT16578" LABEL="DropCapitalZone" DESCRIPTION="block type DropCapitalZone"/><OtherTag ID="BT16579" LABEL="GraphicZone" DESCRIPTION="block type GraphicZone"/><OtherTag ID="BT16581" LABEL="NumberingZone" DESCRIPTION="block type NumberingZone"/><OtherTag ID="BT16582" LABEL="QuireMarksZone" DESCRIPTION="block type QuireMarksZone"/><OtherTag ID="BT16583" LABEL="RunningTitleZone" DESCRIPTION="block type RunningTitleZone"/><OtherTag ID="BT16584" LABEL="SealZone" DESCRIPTION="block type SealZone"/><OtherTag ID="BT16585" LABEL="StampZone" DESCRIPTION="block type StampZone"/><OtherTag ID="BT27322" LABEL="text" DESCRIPTION="block type text"/><OtherTag ID="BT27323" LABEL="GraphicZone-formula-inline" DESCRIPTION="block type GraphicZone-formula-inline"/><OtherTag ID="BT27324" LABEL="GraphicZone-formula-complex" DESCRIPTION="block type GraphicZone-formula-complex"/><OtherTag ID="BT27325" LABEL="MainZone" DESCRIPTION="block type MainZone"/><OtherTag ID="BT27326" LABEL="GraphicZone-figure" DESCRIPTION="block type GraphicZone-figure"/><OtherTag ID="BT27327" LABEL="GraphicZone-formula-strikethrough" DESCRIPTION="block type GraphicZone-formula-strikethrough"/>
    <OtherTag ID="LT6926" LABEL="DefaultLine" DESCRIPTION="line type DefaultLine"/><OtherTag ID="LT6927" LABEL="HeadingLine" DESCRIPTION="line type HeadingLine"/><OtherTag ID="LT6928" LABEL="InterlinearLine" DESCRIPTION="line type InterlinearLine"/><OtherTag ID="LT11324" LABEL="default" DESCRIPTION="line type default"/>
  </Tags>
  
  <Layout>
    <Page WIDTH="4847"
          HEIGHT="4256"
          PHYSICAL_IMG_NR="145"
          ID="eSc_dummypage_">
      <PrintSpace HPOS="0"
                  VPOS="0"
                  WIDTH="4847"
                  HEIGHT="4256">
        
        <TextBlock HPOS="2949"
                   VPOS="87"
                   WIDTH="1897"
                   HEIGHT="3787"
                   ID="r0"
                   TAGREFS="BT27325">
          <Shape><Polygon POINTS="3912 99 4520 116 4846 151 4846 233 4846 297 4846 363 4846 464 4818 557 4828 1339 4818 1689 4812 1807 4821 2853 4799 3808 4787 3846 4101 3874 3550 3848 2987 3845 2959 3808 2949 150 2997 93 3264 87"/></Shape>
          
          
          <TextLine ID="eSc_line_702bfc5f"
                    TAGREFS="LT11324"
                    BASELINE="2968 170 3782 156 4811 186" 
                    HPOS="2968"
                    VPOS="104"
                    WIDTH="1843"
                    HEIGHT="118">
            <Shape><Polygon POINTS="4622 141 4600 125 4600 125 4579 122 4572 125 4527 137 4492 122 4468 115 4466 115 4463 115 4421 122 4378 132 4354 122 4328 113 4326 113 4324 113 4321 113 4281 122 4234 134 4165 122 4090 111 4087 111 4030 122 4019 125 4016 122 3997 108 3995 108 3993 108 3990 108 3820 120 3773 106 3770 106 3768 106 3765 106 3763 106 3742 120 3645 106 3642 106 3531 122 3508 125 3489 122 3406 104 3392 104 3370 122 3368 125 3330 125 3328 122 3316 113 3297 115 3273 118 3250 120 3236 120 3233 122 3228 122 3226 122 3202 125 3179 127 3155 130 3131 132 3108 134 3084 137 3061 139 3037 139 2968 170 2968 198 3202 193 3266 203 3285 205 3288 205 3302 203 3375 189 3396 205 3399 208 3401 208 3404 208 3406 208 3425 205 3496 193 3616 208 3645 210 3647 210 3650 210 3652 210 3654 208 3680 193 3796 193 4151 215 4210 217 4213 217 4236 215 4390 200 4409 212 4411 212 4414 212 4416 212 4485 203 4591 219 4608 222 4610 222 4624 219 4702 210 4806 222 4811 186 4806 147 4753 141"/></Shape>
	    <String CONTENT="Fames edendi cupiditas J. L. sicci et calidi appetitio, vel cupiditas nutrimenti solidioris L"
                    HPOS="2968"
                    VPOS="104"
                    WIDTH="1843"
                    HEIGHT="118"
                    WC="0.9798552291367644"></String>
          </TextLine>

          
          
          <TextLine ID="eSc_line_668e78a3"
                    TAGREFS="LT11324"
                    BASELINE="2978 236 3907 217" 
                    HPOS="2975"
                    VPOS="172"
                    WIDTH="932"
                    HEIGHT="109">
            <Shape><Polygon POINTS="2978 269 3087 281 3089 281 3091 281 3136 267 3158 260 3200 264 3297 276 3299 276 3302 276 3304 276 3328 262 3340 252 3448 252 3491 257 3593 269 3595 269 3597 269 3600 269 3624 252 3626 252 3628 252 3659 264 3661 264 3664 264 3666 264 3668 264 3668 262 3680 252 3683 250 3692 252 3780 267 3782 267 3784 267 3787 267 3815 248 3820 248 3874 260 3877 260 3879 260 3907 245 3907 217 3903 186 3829 172 3827 172 3825 172 3773 186 3676 174 3673 174 3671 174 3668 174 3647 189 3645 189 3557 177 3555 177 3451 191 3434 193 3422 193 3344 182 3342 182 2975 198 2978 236"/></Shape>
	    <String CONTENT="desiderium refectionis ex cibo sumto capiendae."
                    HPOS="2975"
                    VPOS="172"
                    WIDTH="932"
                    HEIGHT="109"
                    WC="0.9960980770435739"></String>
          </TextLine>

          
          
          <TextLine ID="eSc_line_509aee12"
                    TAGREFS="LT11324"
                    BASELINE="2968 335 3839 333 4217 347 4802 387" 
                    HPOS="2966"
                    VPOS="269"
                    WIDTH="1836"
                    HEIGHT="144">
            <Shape><Polygon POINTS="4785 328 4619 328 4617 326 4577 307 4574 307 4572 307 4570 307 4534 323 4532 323 4520 323 4380 302 4378 302 4376 302 4333 316 4198 312 4151 290 4149 290 4146 290 4144 290 4111 309 4078 288 4075 288 4073 288 4071 288 4068 288 4035 300 3952 286 3950 286 3948 286 3945 286 3922 305 3815 281 3813 281 3697 300 3593 276 3590 276 3588 276 3543 295 3524 279 3522 279 3519 279 3517 279 3515 279 3491 290 3375 271 3238 269 3236 269 3233 269 3181 290 3165 295 2968 286 2968 335 2966 375 3228 380 3231 380 3233 380 3311 359 3484 359 3548 361 3590 387 3593 387 3595 387 3597 387 3600 387 3666 366 3815 366 3886 368 3919 392 3922 392 3924 392 3926 392 3929 392 3967 373 4104 373 4127 394 4130 394 4132 394 4134 394 4284 380 4409 406 4414 406 4546 409 4548 409 4551 409 4553 409 4572 397 4593 411 4596 411 4598 411 4600 411 4610 411 4690 399 4797 413 4802 387 4799 335 4787 331"/></Shape>
	    <String CONTENT="Farrago id, quod ex pluribus satis pabuli causa datur jumentis M ex Festo. far ferro cae"
                    HPOS="2966"
                    VPOS="269"
                    WIDTH="1836"
                    HEIGHT="144"
                    WC="0.987403585829518"></String>
          </TextLine>

          
          
          <TextLine ID="eSc_line_e2f56f02"
                    TAGREFS="LT11324"
                    BASELINE="2973 411 3418 401 4231 406" 
                    HPOS="2971"
                    VPOS="357"
                    WIDTH="1260"
                    HEIGHT="92">
            <Shape><Polygon POINTS="2973 449 3120 430 3262 430 3281 446 3283 446 3285 446 3288 446 3290 446 3340 430 4227 446 4231 406 4229 366 4220 359 4217 359 4215 359 4213 359 4125 371 4101 357 4099 357 4097 357 4094 357 4092 357 4090 357 4090 359 4075 373 3820 373 3683 357 3680 357 3678 357 3676 357 3659 373 3571 373 3555 357 3553 357 3550 357 3477 357 3474 357 3472 357 3434 371 3321 357 3318 357 3236 371 3221 359 3221 357 3219 357 3217 357 3148 357 3146 357 3143 357 3141 357 3120 371 3013 359 3011 359 3008 359 2971 373 2973 411"/></Shape>
	    <String CONTENT="H. commistio vel mordinata multitudo rerum minutarum."
                    HPOS="2971"
                    VPOS="357"
                    WIDTH="1260"
                    HEIGHT="92"
                    WC="0.9785854838929087"></String>
          </TextLine>

          
          
          <TextLine ID="eSc_line_cdc9e39c"
                    TAGREFS="LT11324"
                    BASELINE="2966 515 3645 503 4802 576" 
                    HPOS="2964"
                    VPOS="444"
                    WIDTH="1838"
                    HEIGHT="163">
            <Shape><Polygon POINTS="2964 536 3318 550 3321 550 3323 550 3406 534 3446 553 3448 553 3451 553 3635 539 3910 548 3959 574 3962 574 3964 574 3967 574 4023 555 4130 581 4134 581 4137 581 4139 581 4142 581 4191 569 4343 574 4362 591 4371 598 4373 598 4376 598 4499 602 4501 602 4503 602 4518 595 4537 586 4570 598 4584 602 4586 602 4589 602 4591 602 4603 598 4617 593 4629 600 4641 607 4643 607 4645 607 4648 607 4799 605 4802 576 4802 536 4397 501 4395 501 4392 501 4359 515 4300 489 4298 489 4295 489 4146 505 4144 505 3969 475 3967 475 3872 487 3848 470 3846 470 3844 470 3841 470 3697 475 3640 461 3638 461 3635 461 3399 470 3340 449 3337 449 3335 449 3245 451 3243 451 3240 451 3219 465 3217 465 3027 444 3025 444 2968 453 2966 515"/></Shape>
	    <String CONTENT="Farina quoda farre exprimitur vel mola vel pedum conculcatione J. L frumentum in"
                    HPOS="2964"
                    VPOS="444"
                    WIDTH="1838"
                    HEIGHT="163"
                    WC="0.9838298290967942"></String>
          </TextLine>

          
          
          <TextLine ID="eSc_line_63b78112"
                    TAGREFS="LT11324"
                    BASELINE="2975 586 3609 572 3896 581 4366 619 4556 621" 
                    HPOS="2975"
                    VPOS="524"
                    WIDTH="1581"
                    HEIGHT="133">
            <Shape><Polygon POINTS="2975 633 3053 633 3053 631 3056 631 3103 607 3207 607 3304 633 3307 633 3309 633 3311 633 3389 610 3538 638 3541 638 3825 617 3891 631 3893 631 3948 624 3978 647 3981 647 3983 647 3985 647 3988 647 3990 647 4059 626 4120 650 4123 650 4125 650 4127 652 4236 652 4241 652 4241 650 4243 650 4272 636 4302 652 4305 652 4307 652 4310 652 4314 652 4378 638 4425 654 4428 654 4430 654 4433 657 4553 657 4556 621 4556 574 4227 569 4227 567 4203 548 4201 548 4198 548 4196 548 4194 548 4123 567 4120 567 4116 567 4014 536 4011 536 4009 536 4007 536 3950 555 3903 555 3881 536 3881 534 3879 534 3877 534 3874 534 3794 546 3756 532 3754 532 3751 532 3685 543 3676 532 3673 532 3673 529 3671 529 3668 529 3576 529 3574 529 3571 529 3536 541 3503 527 3501 527 3498 527 3439 539 3389 524 3387 524 3335 524 3333 524 3330 524 3281 548 3226 534 3224 534 3221 534 3219 534 3186 550 3122 550 3056 529 3053 529 3051 529 3049 529 2975 548 2975 586"/></Shape>
	    <String CONTENT="pulverem contusum M. pulvisculus albicans factus ex frumento contrito,"
                    HPOS="2975"
                    VPOS="524"
                    WIDTH="1581"
                    HEIGHT="133"
                    WC="0.9936578597341265"></String>
          </TextLine>

          
          
          <TextLine ID="eSc_line_6f84c303"
                    TAGREFS="LT11324"
                    BASELINE="2980 685 3694 680 4785 740" 
                    HPOS="2980"
                    VPOS="619"
                    WIDTH="1805"
                    HEIGHT="156">
            <Shape><Polygon POINTS="2980 714 3273 709 3370 723 3422 730 3425 730 3427 730 3439 725 3463 711 3590 711 3777 716 3791 730 3791 732 3794 732 3796 732 3799 732 3810 732 3912 723 3940 735 3957 742 3959 742 3962 742 4000 737 4054 728 4075 737 4080 740 4082 740 4085 742 4201 742 4229 742 4253 761 4255 761 4257 761 4260 761 4262 761 4265 761 4291 742 4302 737 4383 742 4388 744 4428 766 4430 766 4433 766 4435 766 4492 747 4496 747 4499 747 4584 773 4586 773 4589 773 4653 763 4750 775 4752 775 4754 775 4757 775 4783 754 4785 740 4785 692 4603 688 4600 683 4582 669 4582 666 4579 666 4577 666 4522 664 4392 659 4390 659 4388 659 4338 673 4328 676 4317 673 4257 654 4255 654 4253 654 4250 654 4208 669 4196 671 4130 666 3867 640 3865 640 3801 650 3666 633 3664 633 3661 633 3633 645 3626 650 3624 645 3607 633 3607 631 3605 631 3602 631 3600 631 3597 631 3557 643 3538 647 3517 640 3472 628 3470 628 3467 628 3399 638 3370 640 3363 636 3354 626 3351 626 3349 626 3347 626 3344 626 3316 633 3295 638 3254 631 3198 621 3195 621 3193 621 3167 628 3146 633 3134 626 3124 619 3122 619 3120 619 3117 619 3115 619 3101 626 3089 631 2980 621 2980 685"/></Shape>
	    <String CONTENT="Fas ad religionem jura pertinent ad homines P. ex Servio. quod pium est, et religiosum et "
                    HPOS="2980"
                    VPOS="619"
                    WIDTH="1805"
                    HEIGHT="156"
                    WC="0.9736649248335096"></String>
          </TextLine>

          
          
          <TextLine ID="eSc_line_f3c66058"
                    TAGREFS="LT11324"
                    BASELINE="2975 754 3131 744 3877 747 4501 784 4541 799 4785 820" 
                    HPOS="2973"
                    VPOS="690"
                    WIDTH="1812"
                    HEIGHT="137">
            <Shape><Polygon POINTS="2973 773 3297 770 3373 782 3375 782 3377 782 3415 770 3463 787 3465 787 3467 787 3579 777 3619 794 3621 794 3624 794 3626 794 3680 777 3718 789 3721 789 3723 789 3881 782 3936 803 3938 803 3940 803 3943 803 4042 787 4120 787 4144 803 4146 803 4149 803 4151 803 4153 803 4205 792 4409 818 4418 818 4421 818 4423 818 4444 806 4459 820 4461 820 4463 820 4780 827 4785 820 4785 763 4572 756 4537 732 4534 732 4532 732 4530 732 4527 732 4456 751 4454 751 4300 721 4298 721 4295 721 4293 721 4265 740 4213 721 4210 721 4208 721 4205 721 4175 735 4160 721 4158 721 4156 721 4045 711 4042 711 4040 711 3983 725 3787 704 3784 704 3702 716 3638 699 3635 699 3633 699 3496 714 3467 695 3465 695 3463 695 3460 695 3458 695 3389 718 3278 690 3276 690 3273 690 3224 692 3221 692 3219 692 3191 714 2975 709 2975 754"/></Shape>
	    <String CONTENT="dignum, et ad Deos refertur J. L. quod non est probibitum L. P quod fatus est Deus nobis te"
                    HPOS="2973"
                    VPOS="690"
                    WIDTH="1812"
                    HEIGHT="137"
                    WC="0.9705574826879816"></String>
          </TextLine>

          
          
          <TextLine ID="eSc_line_d7dd1c7c"
                    TAGREFS="LT11324"
                    BASELINE="2975 813 3721 813 4522 841" 
                    HPOS="2973"
                    VPOS="756"
                    WIDTH="1549"
                    HEIGHT="121">
            <Shape><Polygon POINTS="2973 834 3042 851 3044 851 3046 851 3094 839 3110 834 3122 839 3150 853 3153 853 3155 855 3254 855 3254 853 3257 853 3259 853 3271 844 3276 839 3295 844 3325 853 3328 853 3330 853 3366 846 3399 839 3647 841 3699 855 3723 860 3725 860 3728 860 3739 855 3768 846 3791 858 3806 865 3808 865 3810 865 3879 860 3997 851 4019 865 4026 870 4028 870 4030 870 4033 870 4094 867 4253 855 4302 870 4305 870 4307 870 4310 870 4338 860 4518 877 4522 841 4520 801 4352 787 4350 787 4286 796 4276 796 4269 796 4210 777 4208 777 4205 777 4203 777 4156 794 4153 794 4151 794 4118 775 4116 775 4113 775 3929 789 3914 789 3912 789 3896 773 3896 770 3893 770 3891 770 3888 770 3808 787 3806 787 3780 768 3777 768 3775 768 3773 768 3654 780 3583 766 3581 766 3579 766 3548 782 3545 782 3484 763 3482 763 3479 763 3477 763 3474 763 3448 780 3404 761 3401 761 3399 761 3233 775 3207 758 3205 758 3202 758 3200 758 3198 758 3153 775 3150 775 3146 775 3056 756 3053 756 3051 756 3049 756 3027 773 3025 773 2975 773 2975 813"/></Shape>
	    <String CONTENT="nendum M. est lex divina M ex Isid. quod cum legibus divinis convenit."
                    HPOS="2973"
                    VPOS="756"
                    WIDTH="1549"
                    HEIGHT="121"
                    WC="0.9930974772998264"></String>
          </TextLine>

          
          
          <TextLine ID="eSc_line_2a9bcaf8"
                    TAGREFS="LT11324"
                    BASELINE="2978 912 3212 903 3635 907 4236 933 4797 978" 
                    HPOS="2975"
                    VPOS="839"
                    WIDTH="1822"
                    HEIGHT="175">
            <Shape><Polygon POINTS="2975 933 3210 943 3212 943 3342 929 3512 959 3524 959 3527 959 3531 959 3616 938 3730 969 3735 969 3737 969 3739 969 3744 969 3829 948 3877 971 3879 971 3881 971 4021 959 4052 983 4054 983 4056 983 4059 983 4066 983 4160 962 4307 967 4354 985 4357 985 4359 985 4480 978 4511 997 4513 997 4515 997 4518 997 4624 983 4686 1007 4688 1007 4690 1007 4693 1007 4726 995 4787 1014 4797 978 4794 931 4560 922 4553 917 4492 896 4489 896 4487 896 4485 896 4435 912 4430 912 4333 912 4310 905 4227 886 4224 886 4222 886 4187 898 4175 903 4156 898 4116 886 4113 886 4111 886 4073 893 4059 896 4052 893 4014 874 4011 874 4009 874 3917 886 3905 886 3900 884 3881 870 3879 870 3877 870 3874 870 3787 877 3747 865 3744 865 3742 865 3683 874 3647 879 3626 870 3590 855 3588 855 3444 851 3441 851 3439 851 3408 860 3389 865 3366 858 3325 844 3323 844 3250 841 3247 841 3245 841 3219 851 3195 858 2978 839 2978 912"/></Shape>
	    <String CONTENT="Fascia linteolum ad ligandum aptum. fasciae tegumentum crurum pedumque J. L. vini"
                    HPOS="2975"
                    VPOS="839"
                    WIDTH="1822"
                    HEIGHT="175"
                    WC="0.9834971851036872"></String>
          </TextLine>

          
          
          <TextLine ID="eSc_line_30134bc2"
                    TAGREFS="LT11324"
                    BASELINE="2982 976 3467 969 3997 988 4799 1052" 
                    HPOS="2980"
                    VPOS="910"
                    WIDTH="1819"
                    HEIGHT="172">
            <Shape><Polygon POINTS="2980 1000 3328 1019 3330 1019 3333 1019 3335 1019 3335 1016 3370 995 3411 1021 3418 1026 3420 1026 3422 1026 3470 1028 3472 1028 3474 1028 3484 1023 3531 1002 3609 1002 3751 1009 3827 1040 3829 1040 3832 1040 3834 1040 3839 1040 3943 1021 4004 1042 4007 1042 4009 1042 4085 1028 4175 1054 4179 1056 4182 1056 4229 1059 4231 1059 4234 1059 4236 1059 4274 1037 4402 1042 4451 1066 4454 1066 4456 1066 4459 1066 4477 1056 4503 1071 4511 1073 4513 1073 4515 1073 4518 1073 4525 1071 4537 1066 4544 1073 4556 1082 4558 1082 4560 1082 4563 1082 4643 1075 4721 1071 4797 1082 4799 1052 4797 1000 4766 1004 4754 997 4728 978 4726 978 4723 978 4721 978 4650 993 4622 997 4608 990 4582 976 4579 976 4577 976 4522 981 4482 962 4480 962 4477 962 4371 976 4340 955 4338 955 4336 955 4130 945 4127 945 4125 945 4066 964 4061 967 4056 964 4007 938 4004 938 4002 938 3879 955 3817 929 3815 929 3813 929 3723 950 3721 950 3718 950 3659 922 3657 922 3654 922 3555 926 3524 915 3522 915 3519 915 3427 931 3342 910 3340 910 3337 910 3335 910 3278 929 3240 915 3238 915 3236 915 3233 915 3210 926 3207 926 2982 917 2982 976"/></Shape>
	    <String CONTENT="lum, quo aliquid tanquam in fascem colligamus M. vel sunt sila contexta, aliquanto lon"
                    HPOS="2980"
                    VPOS="910"
                    WIDTH="1819"
                    HEIGHT="172"
                    WC="0.9936177072136901"></String>
          </TextLine>

          
          
          <TextLine ID="eSc_line_2270ea47"
                    TAGREFS="LT11324"
                    BASELINE="2985 1042 3538 1037 4011 1052" 
                    HPOS="2982"
                    VPOS="990"
                    WIDTH="1029"
                    HEIGHT="116">
            <Shape><Polygon POINTS="2982 1097 3103 1068 3394 1064 3482 1064 3579 1101 3581 1101 3583 1101 3586 1101 3624 1085 3706 1104 3709 1104 3711 1104 3789 1073 3825 1073 3870 1104 3872 1104 3874 1104 4007 1106 4011 1052 4011 1016 3974 1000 3971 1000 3969 1000 3967 1000 3936 1014 3917 997 3914 997 3912 997 3910 997 3907 997 3867 1011 3860 1014 3844 1011 3765 997 3763 997 3702 1009 3680 1011 3671 1007 3647 995 3645 995 3642 995 3640 995 3607 1004 3593 1009 3567 1004 3515 995 3512 995 3510 995 3489 1002 3465 1011 3451 1002 3448 1000 3446 1000 3444 1000 3441 1000 3439 1000 3437 1000 3437 1002 3427 1009 3413 1000 3404 993 3401 993 3399 993 3396 993 3330 1000 3219 1009 3167 995 3160 993 3158 993 3155 993 3153 993 3148 995 3113 1009 3025 1009 2985 990 2985 1042"/></Shape>
	    <String CONTENT="giora ad vinciendum vel constringendum aliquid."
                    HPOS="2982"
                    VPOS="990"
                    WIDTH="1029"
                    HEIGHT="116"
                    WC="0.988606905683558"></String>
          </TextLine>

          
          
          <TextLine ID="eSc_line_5df857c0"
                    TAGREFS="LT11324"
                    BASELINE="2982 1144 3685 1144 4265 1179 4354 1198 4787 1231" 
                    HPOS="2980"
                    VPOS="1090"
                    WIDTH="1807"
                    HEIGHT="165">
            <Shape><Polygon POINTS="2980 1191 3103 1177 3304 1191 3307 1191 3309 1191 3349 1172 3463 1172 3721 1179 3770 1196 3773 1196 3775 1196 3858 1186 3891 1208 3893 1208 3896 1208 3898 1208 3900 1208 3945 1191 3978 1217 3981 1217 3983 1217 3985 1217 4120 1196 4203 1220 4205 1220 4208 1220 4210 1220 4243 1208 4302 1236 4305 1236 4307 1236 4310 1236 4362 1222 4785 1255 4787 1231 4787 1153 4326 1153 4255 1134 4184 1116 4182 1116 4028 1111 4026 1111 3964 1123 3943 1127 3936 1123 3926 1113 3924 1113 3922 1113 3799 1101 3796 1101 3586 1106 3508 1092 3505 1092 3503 1092 3463 1106 3458 1106 3451 1106 3387 1092 3385 1092 3382 1092 3380 1092 3368 1101 3356 1108 3292 1099 3266 1097 3264 1097 3262 1097 3254 1099 3210 1111 3179 1094 3172 1092 3169 1092 3167 1092 3165 1092 3162 1092 3160 1094 3136 1108 2982 1090 2982 1144"/></Shape>
	    <String CONTENT="Fascinare est quendam incantatione ita ligare, ut liber non sit, nec mentis compos, et saes"
                    HPOS="2980"
                    VPOS="1090"
                    WIDTH="1807"
                    HEIGHT="165"
                    WC="0.970298347237346"></String>
          </TextLine>

          
          
          <TextLine ID="eSc_line_19e71b1d"
                    TAGREFS="LT11324"
                    BASELINE="2980 1217 3167 1205 3832 1215 4250 1238 4366 1262 4492 1264 4539 1281 4759 1300" 
                    HPOS="2980"
                    VPOS="1158"
                    WIDTH="1779"
                    HEIGHT="149">
            <Shape><Polygon POINTS="2982 1255 3023 1238 3079 1257 3082 1257 3084 1257 3087 1257 3155 1231 3262 1231 3288 1246 3290 1246 3292 1246 3295 1246 3297 1246 3347 1234 3716 1248 3754 1272 3758 1274 3761 1274 3763 1274 3765 1274 3768 1274 3803 1248 3891 1248 3983 1281 3985 1281 3988 1281 4118 1260 4160 1260 4203 1293 4205 1293 4208 1293 4210 1293 4213 1293 4215 1293 4281 1267 4359 1295 4364 1298 4366 1298 4757 1307 4759 1300 4759 1236 4537 1229 4537 1227 4503 1212 4501 1212 4499 1212 4496 1212 4494 1212 4473 1227 4470 1227 4468 1224 4440 1215 4437 1215 4435 1215 4390 1222 4380 1224 4378 1222 4357 1205 4357 1203 4354 1203 4352 1203 4350 1203 4347 1203 4307 1220 4302 1222 4298 1220 4250 1191 4248 1191 4246 1191 4243 1191 4241 1191 4210 1205 4101 1182 4099 1182 3976 1196 3888 1175 3886 1175 3884 1175 3758 1184 3560 1165 3557 1165 3555 1165 3512 1182 3456 1163 3453 1163 3451 1163 3448 1163 3446 1163 3422 1182 3335 1168 3333 1168 3269 1179 3240 1165 3238 1165 3236 1165 3136 1175 3105 1158 3103 1158 3101 1158 3098 1158 3046 1179 3044 1179 3027 1165 3025 1165 3023 1165 3020 1165 3018 1165 2980 1175 2980 1217"/></Shape>
	    <String CONTENT="ad extremam maciem deveniat J. L. perniciosas qualitates inferre sive per spiritus narios"
                    HPOS="2980"
                    VPOS="1158"
                    WIDTH="1779"
                    HEIGHT="149"
                    WC="0.976614651385318"></String>
          </TextLine>

          
          
          <TextLine ID="eSc_line_9912c82c"
                    TAGREFS="LT11324"
                    BASELINE="2982 1276 3399 1267 3820 1279 4134 1295 4565 1345 4783 1357" 
                    HPOS="2980"
                    VPOS="1215"
                    WIDTH="1803"
                    HEIGHT="168">
            <Shape><Polygon POINTS="2980 1300 3127 1290 3292 1312 3295 1312 3297 1312 3330 1295 3472 1298 3517 1326 3519 1326 3522 1326 3524 1326 3527 1326 3579 1307 3597 1321 3600 1321 3602 1321 3605 1321 3607 1321 3642 1302 3789 1321 3791 1321 4085 1321 4267 1350 4269 1350 4272 1350 4310 1335 4433 1366 4435 1366 4778 1383 4783 1357 4783 1309 4574 1302 4572 1300 4541 1286 4539 1286 4537 1286 4428 1293 4416 1293 4409 1293 4302 1260 4300 1260 4246 1257 4243 1257 4241 1257 4208 1276 4182 1255 4179 1255 4177 1255 4175 1255 4009 1262 3936 1243 3933 1243 3931 1243 3775 1250 3614 1229 3612 1229 3527 1241 3399 1229 3396 1229 3394 1229 3359 1241 3254 1231 3238 1215 3236 1215 3233 1215 3231 1215 3228 1215 3188 1231 3143 1215 3141 1215 3139 1215 3136 1215 3096 1234 2982 1231 2982 1276"/></Shape>
	    <String CONTENT="per artes daemonum. vel per spirritus noxios sive ex oculis sive aliunde ce corpore egredientes"
                    HPOS="2980"
                    VPOS="1215"
                    WIDTH="1803"
                    HEIGHT="168"
                    WC="0.9799962056310554"></String>
          </TextLine>

          
          
          <TextLine ID="eSc_line_35cc8e85"
                    TAGREFS="LT11324"
                    BASELINE="2990 1340 3392 1326 3988 1345 4776 1421" 
                    HPOS="2987"
                    VPOS="1274"
                    WIDTH="1789"
                    HEIGHT="182">
            <Shape><Polygon POINTS="2987 1352 3219 1364 3221 1364 3328 1352 3366 1376 3368 1376 3370 1376 3373 1376 3375 1376 3377 1376 3411 1354 3482 1376 3484 1376 3486 1376 3567 1359 3659 1380 3661 1380 3664 1380 3699 1369 3844 1373 3865 1390 3867 1390 3870 1390 3872 1390 3874 1390 3877 1390 3893 1378 4026 1383 4064 1411 4066 1411 4068 1411 4071 1411 4073 1411 4075 1411 4106 1390 4153 1390 4220 1397 4276 1428 4279 1428 4281 1428 4284 1428 4343 1404 4357 1418 4359 1418 4362 1418 4364 1418 4442 1409 4522 1435 4525 1435 4527 1435 4686 1432 4709 1451 4712 1451 4714 1451 4771 1456 4776 1421 4776 1371 4683 1357 4681 1357 4650 1364 4617 1371 4574 1359 4548 1352 4546 1352 4544 1352 4506 1357 4454 1361 4437 1352 4407 1333 4404 1333 4402 1333 4399 1333 4397 1333 4395 1333 4371 1350 4362 1354 4310 1345 4116 1312 3891 1312 3874 1298 3872 1298 3870 1298 3664 1286 3661 1286 3522 1302 3501 1286 3501 1283 3498 1283 3496 1283 3401 1274 3399 1274 3325 1276 3323 1276 3292 1293 2990 1279 2990 1340"/></Shape>
	    <String CONTENT="corpus alterius vitiose alterare. daemone adjuvante inficere corpus alterius. L. P. certis lig"
                    HPOS="2987"
                    VPOS="1274"
                    WIDTH="1789"
                    HEIGHT="182"
                    WC="0.9648884832859039"></String>
          </TextLine>

          
          
          <TextLine ID="eSc_line_1baeffa7"
                    TAGREFS="LT11324"
                    BASELINE="2973 1402 3356 1395 3725 1404 4281 1435 4771 1489" 
                    HPOS="2971"
                    VPOS="1340"
                    WIDTH="1800"
                    HEIGHT="185">
            <Shape><Polygon POINTS="2971 1428 3124 1435 3127 1435 3288 1418 3531 1458 3534 1458 3536 1458 3538 1458 3633 1432 3829 1439 3888 1465 3891 1465 3893 1465 3896 1465 3898 1465 3926 1447 4196 1473 4198 1473 4281 1465 4343 1482 4345 1482 4347 1482 4350 1482 4376 1473 4418 1506 4421 1506 4423 1506 4425 1506 4596 1506 4766 1525 4771 1489 4771 1442 4653 1432 4636 1416 4636 1413 4634 1413 4631 1413 4629 1413 4520 1418 4442 1397 4440 1397 4437 1397 4435 1397 4399 1416 4336 1397 4333 1397 4331 1397 4328 1397 4286 1409 4196 1383 4194 1383 4191 1383 4139 1392 4097 1378 4094 1378 4092 1378 4090 1378 4087 1378 4071 1390 4054 1378 4054 1376 4052 1376 4049 1376 4047 1376 3858 1378 3706 1357 3704 1357 3702 1357 3647 1373 3607 1361 3605 1361 3602 1361 3550 1371 3541 1373 3529 1371 3460 1350 3458 1350 3456 1350 3342 1359 3318 1361 3307 1359 3254 1340 3252 1340 3250 1340 3247 1340 3245 1340 3228 1354 3221 1357 2975 1340 2973 1402"/></Shape>
	    <String CONTENT="turis incantare M. alicujus menti vel corpori vel rebus damnum magicis artibus infe"
                    HPOS="2971"
                    VPOS="1340"
                    WIDTH="1800"
                    HEIGHT="185"
                    WC="0.9912975595658085"></String>
          </TextLine>

          
          
          <TextLine ID="eSc_line_943b8d6d"
                    TAGREFS="LT11324"
                    BASELINE="2975 1501 3401 1494 3910 1513 4780 1588" 
                    HPOS="2973"
                    VPOS="1432"
                    WIDTH="1807"
                    HEIGHT="192">
            <Shape><Polygon POINTS="2973 1515 3340 1534 3342 1534 3344 1534 3347 1534 3359 1525 3413 1539 3415 1539 3418 1539 3420 1539 3453 1527 3548 1546 3550 1546 3638 1534 3839 1541 4776 1624 4780 1588 4780 1546 4667 1539 4631 1520 4629 1520 4627 1520 4624 1520 4622 1520 4600 1534 4598 1534 4520 1529 4416 1522 4366 1499 4364 1499 4362 1499 4253 1513 4250 1513 4248 1513 4213 1487 4210 1487 4208 1487 4205 1487 4054 1499 4016 1475 4014 1475 4011 1475 4009 1475 3848 1482 3815 1463 3813 1463 3810 1463 3808 1463 3728 1470 3706 1456 3704 1456 3702 1456 3699 1456 3593 1470 3527 1447 3524 1447 3522 1447 3446 1463 3415 1442 3413 1442 3411 1442 3311 1432 3309 1432 3307 1432 3243 1451 3115 1432 3113 1432 2978 1435 2975 1501"/></Shape>
	    <String CONTENT="Fastidire vide abhorrere. cum factu quodam contemnere, taedium percipere ex aliqua re S"
                    HPOS="2973"
                    VPOS="1432"
                    WIDTH="1807"
                    HEIGHT="192"
                    WC="0.9821386967582264"></String>
          </TextLine>

          
          
          <TextLine ID="eSc_line_f55f5604"
                    TAGREFS="LT11324"
                    BASELINE="2980 1572 3290 1562 3931 1574 4785 1655" 
                    HPOS="2978"
                    VPOS="1506"
                    WIDTH="1807"
                    HEIGHT="184">
            <Shape><Polygon POINTS="2978 1586 3335 1593 3380 1610 3387 1612 3389 1612 3392 1612 3401 1612 3498 1591 3550 1612 3553 1612 3555 1612 3704 1596 3773 1610 3775 1610 3940 1610 3959 1626 3959 1629 3962 1629 3964 1629 3967 1629 3969 1629 4002 1614 4139 1619 4175 1650 4177 1650 4179 1650 4182 1650 4184 1650 4253 1629 4336 1655 4338 1655 4340 1655 4343 1655 4371 1640 4485 1645 4558 1676 4570 1681 4572 1681 4574 1681 4577 1681 4584 1678 4603 1669 4638 1681 4660 1688 4662 1688 4664 1690 4780 1690 4785 1655 4785 1617 4527 1605 4520 1600 4473 1574 4470 1574 4468 1574 4466 1574 4435 1588 4407 1565 4404 1565 4402 1565 4399 1565 4210 1572 4116 1548 4113 1548 4111 1548 4056 1558 4040 1543 4037 1543 4035 1543 3765 1527 3763 1527 3761 1527 3704 1541 3673 1522 3671 1522 3668 1522 3588 1517 3586 1517 3460 1539 3458 1539 3453 1539 3314 1506 3311 1506 3309 1506 3266 1527 2980 1513 2980 1572"/></Shape>
	    <String CONTENT="quasi faciem ab indigno avertere H. cum odio fugere ab aliqua re; affectu tangi, quem pari"
                    HPOS="2978"
                    VPOS="1506"
                    WIDTH="1807"
                    HEIGHT="184"
                    WC="0.9779581308364869"></String>
          </TextLine>

          
          
          <TextLine ID="eSc_line_2a73c14e"
                    TAGREFS="LT11324"
                    BASELINE="2978 1636 3309 1626 3962 1636 4168 1666 4501 1685 4676 1714 4787 1718" 
                    HPOS="2975"
                    VPOS="1579"
                    WIDTH="1812"
                    HEIGHT="156">
            <Shape><Polygon POINTS="2975 1666 3165 1674 3167 1674 3169 1674 3221 1655 3278 1666 3281 1666 3380 1657 3425 1676 3427 1676 3430 1676 3432 1676 3434 1676 3465 1657 3545 1671 3548 1671 3550 1671 3553 1671 3569 1659 3645 1659 3718 1690 3721 1690 3723 1690 3725 1690 3728 1690 3768 1666 4033 1671 4080 1709 4085 1714 4087 1714 4090 1714 4092 1714 4118 1711 4198 1700 4265 1700 4295 1718 4307 1723 4310 1723 4312 1723 4338 1718 4390 1709 4409 1721 4409 1723 4411 1723 4414 1723 4785 1735 4787 1718 4787 1657 4560 1652 4553 1650 4501 1633 4499 1633 4496 1633 4418 1645 4414 1645 4409 1645 4288 1612 4286 1612 4284 1612 4281 1612 4279 1612 4243 1636 4208 1617 4205 1617 4203 1617 4201 1617 4198 1617 4182 1631 4144 1600 4142 1600 4139 1600 4137 1600 4134 1600 4094 1614 4052 1598 4049 1598 4047 1598 4045 1598 4007 1612 3903 1593 3900 1593 3685 1603 3638 1586 3635 1586 3633 1586 3531 1598 3463 1581 3460 1581 3458 1581 3385 1598 3328 1579 3325 1579 3323 1579 3321 1579 3278 1600 3228 1586 3226 1586 3224 1586 3221 1586 3167 1605 2978 1605 2978 1636"/></Shape>
	    <String CONTENT="res nobis minimè amabilis, minus grate ab aliqua re affici; vultu parum benigno aspicet"
                    HPOS="2975"
                    VPOS="1579"
                    WIDTH="1812"
                    HEIGHT="156"
                    WC="0.9753468835895712"></String>
          </TextLine>

          
          
          <TextLine ID="eSc_line_ad23fa50"
                    TAGREFS="LT11324"
                    BASELINE="2975 1700 3985 1690" 
                    HPOS="2973"
                    VPOS="1645"
                    WIDTH="1012"
                    HEIGHT="109">
            <Shape><Polygon POINTS="2975 1723 3101 1752 3103 1754 3198 1754 3198 1752 3200 1752 3202 1752 3247 1723 3302 1737 3304 1737 3307 1737 3508 1721 3593 1735 3595 1735 3597 1735 3600 1735 3624 1721 3673 1747 3676 1747 3678 1747 3680 1747 3749 1721 3803 1744 3806 1744 3808 1747 3872 1747 3872 1744 3874 1744 3877 1744 3907 1726 3964 1728 3967 1728 3969 1728 3971 1728 3985 1716 3985 1690 3981 1657 3633 1645 3631 1645 3545 1657 3538 1657 3534 1657 3477 1645 3474 1645 3472 1645 3432 1657 3430 1659 2973 1659 2975 1700"/></Shape>
	    <String CONTENT="eum, qui nobis debitos honores deferre non solet."
                    HPOS="2973"
                    VPOS="1645"
                    WIDTH="1012"
                    HEIGHT="109"
                    WC="0.9853092918590624"></String>
          </TextLine>

          
          
          <TextLine ID="eSc_line_efdd4707"
                    TAGREFS="LT11324"
                    BASELINE="2973 1830 3347 1827 3896 1844 4461 1877 4776 1910" 
                    HPOS="2971"
                    VPOS="1759"
                    WIDTH="1805"
                    HEIGHT="177">
            <Shape><Polygon POINTS="2971 1848 3141 1867 3143 1867 3226 1863 3257 1860 3271 1863 3302 1875 3304 1875 3307 1875 3377 1870 3451 1863 3491 1875 3522 1884 3524 1884 3527 1884 3564 1877 3624 1867 3661 1882 3685 1891 3687 1891 3690 1891 3692 1891 3706 1884 3732 1872 4118 1886 4156 1905 4172 1912 4175 1912 4177 1912 4220 1908 4326 1898 4411 1917 4433 1922 4435 1922 4437 1922 4449 1919 4503 1905 4629 1929 4664 1934 4667 1936 4773 1936 4776 1910 4776 1856 4657 1834 4655 1834 4565 1844 4503 1820 4501 1820 4499 1820 4404 1837 4343 1813 4340 1813 4338 1813 4068 1815 4014 1799 4011 1799 4009 1799 4007 1799 3969 1813 3936 1799 3933 1799 3931 1799 3929 1799 3872 1813 3784 1789 3782 1789 3780 1789 3716 1801 3692 1785 3690 1785 3687 1785 3685 1785 3683 1785 3633 1801 3524 1785 3522 1785 3519 1785 3472 1796 3470 1796 3399 1794 3307 1789 3252 1766 3250 1766 3247 1766 3108 1780 3105 1780 3103 1780 3030 1759 3027 1759 3025 1759 3023 1759 2973 1770 2973 1830"/></Shape>
	    <String CONTENT="Fateri sponte affirmare J. L. ex Sipont. est coactorum et culpabilium. ex Servio. vel indicare"
                    HPOS="2971"
                    VPOS="1759"
                    WIDTH="1805"
                    HEIGHT="177"
                    WC="0.9714271603746617"></String>
          </TextLine>

          
          
          <TextLine ID="eSc_line_cd02a322"
                    TAGREFS="LT11324"
                    BASELINE="2980 1896 3924 1901" 
                    HPOS="2978"
                    VPOS="1851"
                    WIDTH="946"
                    HEIGHT="99">
            <Shape><Polygon POINTS="2978 1941 3117 1927 3150 1941 3160 1945 3162 1945 3165 1948 3254 1948 3254 1945 3257 1945 3259 1945 3266 1941 3288 1927 3311 1938 3325 1945 3328 1945 3330 1945 3333 1945 3335 1945 3335 1943 3342 1938 3354 1927 3430 1927 3439 1936 3448 1945 3448 1948 3451 1948 3453 1948 3456 1950 3501 1950 3501 1948 3503 1948 3505 1948 3522 1936 3531 1929 3571 1936 3652 1948 3654 1948 3657 1948 3659 1948 3659 1945 3673 1934 3678 1929 3721 1934 3872 1948 3874 1948 3877 1948 3922 1929 3924 1901 3922 1867 3576 1853 3574 1853 3519 1865 3512 1865 3508 1865 3484 1853 3482 1853 3479 1853 3477 1853 3456 1865 3451 1865 3444 1863 3394 1851 3392 1851 3389 1851 3387 1851 3347 1863 3344 1863 3278 1851 3276 1851 2980 1860 2980 1896"/></Shape>
	    <String CONTENT="palam, quid sive factum sive dictum a nobis sit."
                    HPOS="2978"
                    VPOS="1851"
                    WIDTH="946"
                    HEIGHT="99"
                    WC="0.9863172173500061"></String>
          </TextLine>

          
          
          <TextLine ID="eSc_line_bb72939d"
                    TAGREFS="LT11324"
                    BASELINE="2980 1988 3316 1986 3969 2007 4579 2045 4771 2066" 
                    HPOS="2978"
                    VPOS="1934"
                    WIDTH="1793"
                    HEIGHT="160">
            <Shape><Polygon POINTS="2978 2016 3356 2016 3496 2033 3498 2033 3501 2033 3534 2023 3702 2049 3711 2049 3713 2049 3716 2049 3768 2033 3817 2033 3841 2054 3844 2054 3846 2054 3848 2054 3851 2054 3907 2040 4156 2047 4229 2064 4231 2064 4234 2064 4236 2064 4246 2054 4288 2073 4291 2073 4293 2073 4537 2066 4565 2085 4567 2085 4570 2085 4768 2094 4771 2066 4771 2016 4610 2009 4593 1993 4591 1993 4589 1993 4586 1993 4584 1993 4558 2007 4556 2007 4537 2005 4409 1988 4407 1988 4336 1995 4317 1979 4317 1976 4314 1976 4312 1976 4310 1976 4227 1993 4217 1993 4210 1990 4160 1969 4158 1969 4156 1969 4026 1981 3957 1962 3955 1962 3770 1953 3768 1953 3765 1953 3721 1969 3718 1969 3661 1948 3659 1948 3657 1948 3427 1957 3389 1957 3377 1955 3311 1934 3309 1934 3307 1934 3304 1934 3271 1950 3269 1950 2980 1938 2980 1988"/></Shape>
	    <String CONTENT="Fatigare multum agendo lassare, ad lassitudinem deducere M. ex Nonio. efficere alia"
                    HPOS="2978"
                    VPOS="1934"
                    WIDTH="1793"
                    HEIGHT="160"
                    WC="0.9800364827535238"></String>
          </TextLine>

          
          
          <TextLine ID="eSc_line_4f7b79b5"
                    TAGREFS="LT11324"
                    BASELINE="2980 2057 3370 2052 3434 2061 3884 2068 4780 2137" 
                    HPOS="2978"
                    VPOS="1997"
                    WIDTH="1802"
                    HEIGHT="171">
            <Shape><Polygon POINTS="2978 2078 3262 2087 3264 2087 3266 2087 3302 2075 3342 2097 3347 2099 3349 2099 3351 2099 3370 2099 3446 2090 3470 2104 3477 2106 3479 2106 3567 2109 3569 2109 3576 2109 3645 2094 3666 2111 3666 2113 3668 2113 3671 2113 3673 2113 3676 2113 3678 2113 3735 2094 3832 2111 4151 2118 4189 2137 4201 2144 4203 2144 4205 2144 4229 2139 4300 2125 4359 2146 4385 2156 4388 2156 4390 2156 4392 2156 4418 2149 4470 2135 4537 2156 4570 2165 4572 2165 4574 2165 4577 2165 4593 2158 4612 2149 4638 2161 4660 2168 4662 2168 4664 2168 4667 2168 4683 2163 4702 2156 4776 2165 4780 2137 4780 2099 4631 2092 4631 2090 4605 2068 4605 2066 4603 2066 4600 2066 4470 2059 4468 2059 4466 2059 4399 2075 4317 2052 4314 2052 4312 2052 4310 2052 4307 2052 4281 2068 4182 2066 4130 2040 4127 2040 3877 2026 3874 2026 3872 2026 3870 2026 3853 2038 3836 2023 3834 2023 3832 2023 3829 2023 3659 2035 3595 2012 3593 2012 3590 2012 3588 2012 3553 2031 3538 2031 3491 2031 3489 2028 3448 2002 3446 2002 3444 2002 3441 2002 3439 2002 3413 2012 3340 2000 3337 2000 3335 2000 3273 2016 3228 1997 3226 1997 3224 1997 3221 1997 3219 1997 3198 2012 2980 2002 2980 2057"/></Shape>
	    <String CONTENT="lassum, labore difficili per tempus aliquod exantlando vires alicujus debilitare, mole"
                    HPOS="2978"
                    VPOS="1997"
                    WIDTH="1802"
                    HEIGHT="171"
                    WC="0.9841179272463155"></String>
          </TextLine>

          
          
          <TextLine ID="eSc_line_1d7c8b8c"
                    TAGREFS="LT11324"
                    BASELINE="2971 2130 3297 2125 4108 2146" 
                    HPOS="2968"
                    VPOS="2071"
                    WIDTH="1140"
                    HEIGHT="116">
            <Shape><Polygon POINTS="2968 2163 3072 2149 3174 2165 3176 2165 3247 2154 3266 2170 3269 2170 3269 2172 3271 2172 3273 2172 3276 2172 3290 2170 3361 2156 3430 2168 3432 2168 3519 2158 3557 2175 3571 2180 3574 2180 3576 2180 3579 2180 3597 2175 3621 2168 3633 2175 3642 2182 3645 2182 3647 2182 3650 2182 3737 2177 3858 2168 3881 2177 3900 2187 3903 2187 3905 2187 4106 2180 4108 2146 4108 2104 4064 2092 4061 2092 4059 2092 4056 2092 4054 2092 4042 2101 4035 2109 4016 2101 3978 2090 3976 2090 3974 2090 3971 2090 3969 2090 3969 2092 3957 2101 3952 2106 3917 2101 3874 2094 3872 2094 3870 2094 3848 2099 3834 2104 3827 2099 3815 2090 3815 2087 3813 2087 3810 2087 3761 2085 3692 2085 3690 2085 3687 2085 3685 2085 3685 2087 3671 2097 3666 2101 3633 2097 3541 2085 3538 2085 3536 2085 3493 2094 3486 2097 3484 2094 3460 2080 3458 2080 3456 2080 3453 2080 3363 2094 3356 2094 3354 2094 3340 2080 3340 2078 3337 2078 3335 2078 3333 2078 3221 2092 3217 2092 3191 2073 3188 2073 3186 2073 3184 2073 3098 2090 3027 2071 3025 2071 3023 2071 3020 2071 2971 2085 2971 2130"/></Shape>
	    <String CONTENT="stiam alicui ob continuos impositos labores afferre."
                    HPOS="2968"
                    VPOS="2071"
                    WIDTH="1140"
                    HEIGHT="116"
                    WC="0.9856998679729608"></String>
          </TextLine>

          
          
          <TextLine ID="eSc_line_a414bcd8"
                    TAGREFS="LT11324"
                    BASELINE="2982 2232 3219 2227 3730 2243 4778 2310" 
                    HPOS="2980"
                    VPOS="2156"
                    WIDTH="1798"
                    HEIGHT="194">
            <Shape><Polygon POINTS="2980 2255 3553 2265 3668 2272 3716 2293 3725 2298 3728 2298 3730 2298 3732 2298 3739 2295 3770 2279 3808 2298 3815 2302 3817 2302 3862 2305 3865 2305 3867 2305 3870 2305 3872 2302 3896 2286 3936 2305 3945 2310 3948 2310 3950 2310 3967 2307 4035 2293 4156 2298 4175 2317 4175 2319 4177 2319 4179 2319 4182 2319 4184 2319 4189 2319 4234 2305 4248 2317 4248 2319 4250 2319 4253 2319 4255 2319 4331 2310 4352 2326 4354 2328 4354 2331 4357 2331 4359 2331 4470 2336 4473 2336 4475 2336 4480 2333 4506 2321 4530 2333 4532 2333 4534 2333 4603 2326 4631 2340 4643 2347 4645 2347 4648 2350 4773 2350 4778 2310 4778 2272 4693 2248 4690 2248 4688 2248 4686 2248 4653 2262 4648 2265 4627 2262 4515 2241 4513 2241 4463 2250 4449 2253 4435 2248 4388 2232 4385 2232 4383 2232 4217 2234 4125 2236 4002 2232 3978 2220 3952 2208 3950 2208 3948 2208 3945 2208 3914 2215 3893 2220 3787 2208 3673 2194 3671 2194 3668 2194 3650 2198 3616 2208 3597 2196 3597 2194 3595 2194 3593 2194 3425 2180 3422 2180 3420 2180 3413 2182 3392 2194 3359 2182 3356 2182 3354 2182 3254 2189 3228 2172 3226 2172 3224 2172 3221 2172 3219 2172 3181 2184 3039 2180 2985 2156 2982 2232"/></Shape>
	    <String CONTENT="Fatum jussum et dictum Dei. ordo seriesque causarum, cum causae causa nexa rem ex se gign"
                    HPOS="2980"
                    VPOS="2156"
                    WIDTH="1798"
                    HEIGHT="194"
                    WC="0.9916367135690839"></String>
          </TextLine>

          
          
          <TextLine ID="eSc_line_f892ae5d"
                    TAGREFS="LT11324"
                    BASELINE="2980 2298 3553 2298 4184 2326 4298 2345 4603 2354 4757 2371" 
                    HPOS="2978"
                    VPOS="2250"
                    WIDTH="1779"
                    HEIGHT="142">
            <Shape><Polygon POINTS="2978 2317 3077 2324 3122 2345 3124 2345 3127 2345 3129 2345 3184 2326 3202 2321 3281 2331 3344 2338 3347 2338 3368 2336 3408 2326 3482 2326 3496 2340 3503 2345 3503 2347 3505 2347 3508 2347 3510 2347 3512 2347 3515 2347 3522 2340 3538 2331 3694 2336 3718 2350 3747 2364 3749 2364 3751 2364 3754 2364 3780 2352 3803 2340 3967 2354 3969 2354 4028 2345 4056 2364 4071 2373 4073 2373 4075 2373 4078 2373 4080 2373 4097 2366 4120 2354 4191 2354 4250 2371 4279 2380 4281 2380 4284 2380 4362 2376 4435 2373 4752 2392 4757 2371 4757 2319 4253 2305 4253 2302 4229 2284 4227 2284 4224 2284 4222 2284 4220 2284 4179 2298 4108 2276 4106 2276 4104 2276 3978 2286 3952 2274 3950 2274 3948 2274 3945 2274 3919 2286 3886 2269 3884 2269 3295 2269 3252 2250 3250 2250 3247 2250 3245 2250 3184 2272 3181 2272 3096 2272 3094 2269 3058 2250 3056 2250 3053 2250 2980 2265 2980 2298"/></Shape>
	    <String CONTENT="vel causa aeterna rerum, cur et ea, quae praeterierunt, facta sint, et quae instant, fiant, e"
                    HPOS="2978"
                    VPOS="2250"
                    WIDTH="1779"
                    HEIGHT="142"
                    WC="0.9756465528600959"></String>
          </TextLine>

          
          
          <TextLine ID="eSc_line_52aea2ba"
                    TAGREFS="LT11324"
                    BASELINE="2975 2369 3247 2357 3735 2366 4773 2430" 
                    HPOS="2973"
                    VPOS="2305"
                    WIDTH="1800"
                    HEIGHT="161">
            <Shape><Polygon POINTS="2973 2385 3238 2385 3259 2397 3264 2402 3266 2402 3269 2402 3271 2402 3290 2399 3354 2388 3394 2404 3408 2409 3411 2409 3413 2409 3415 2409 3430 2404 3491 2388 3515 2399 3517 2399 3519 2399 3522 2399 3562 2390 3605 2411 3607 2411 3609 2411 3747 2395 3858 2411 3860 2411 3938 2404 3959 2418 3962 2418 3964 2418 3967 2418 4184 2416 4217 2435 4220 2435 4222 2435 4224 2435 4326 2428 4385 2442 4388 2442 4390 2442 4392 2442 4395 2442 4411 2428 4461 2447 4468 2449 4470 2449 4473 2449 4489 2449 4558 2442 4577 2451 4598 2466 4600 2466 4603 2466 4605 2466 4768 2459 4773 2430 4773 2376 4681 2390 4624 2376 4622 2376 4619 2376 4553 2383 4496 2364 4473 2357 4470 2357 4468 2357 4430 2362 4354 2373 4338 2359 4338 2357 4336 2357 4333 2357 4331 2357 4324 2357 4286 2366 4269 2354 4260 2347 4257 2347 4255 2347 4144 2340 4142 2340 4139 2340 4111 2350 4090 2357 4073 2347 4049 2336 4047 2336 3919 2331 3917 2331 3914 2331 3886 2340 3879 2343 3867 2340 3803 2324 3801 2324 3799 2324 3735 2336 3716 2338 3704 2333 3661 2317 3659 2317 3534 2314 3531 2314 3529 2314 3498 2326 3489 2328 3482 2326 3444 2312 3441 2312 3439 2312 3392 2321 3370 2326 3351 2321 3304 2305 3302 2305 3299 2305 3297 2305 3295 2305 3273 2317 3271 2319 2975 2307 2975 2369"/></Shape>
	    <String CONTENT="quae sequuntur, futura sint. Sempiterna quaedam et indeclinabilis rerum series. J. L. quod."
                    HPOS="2973"
                    VPOS="2305"
                    WIDTH="1800"
                    HEIGHT="161"
                    WC="0.9833603593019339"></String>
          </TextLine>

          
          
          <TextLine ID="eSc_line_0cad1a83"
                    TAGREFS="LT11324"
                    BASELINE="2975 2435 3415 2425 4021 2444 4480 2470 4778 2499" 
                    HPOS="2973"
                    VPOS="2376"
                    WIDTH="1805"
                    HEIGHT="142">
            <Shape><Polygon POINTS="4411 2409 4409 2409 4345 2425 4312 2409 4310 2409 4307 2409 4224 2418 4118 2399 4116 2399 4113 2399 4078 2418 4047 2397 4045 2397 4042 2397 3997 2397 3995 2397 3993 2397 3950 2414 3926 2395 3924 2395 3922 2395 3919 2395 3839 2402 3806 2390 3803 2390 3801 2390 3799 2390 3796 2390 3782 2402 3756 2388 3754 2388 3645 2385 3642 2385 3640 2385 3638 2385 3619 2399 3602 2385 3600 2385 3597 2385 3595 2385 3593 2385 3545 2397 3463 2380 3460 2380 3458 2380 3415 2399 3392 2378 3392 2376 3389 2376 3387 2376 3335 2376 3333 2376 3330 2376 3328 2376 3304 2392 3269 2380 3266 2380 3264 2380 3262 2380 3259 2380 3238 2392 2975 2388 2975 2435 2973 2459 3205 2454 3231 2470 3233 2470 3236 2470 3333 2473 3335 2473 3337 2473 3411 2456 3548 2477 3550 2477 3553 2477 3588 2461 3616 2482 3619 2482 3621 2482 3624 2482 3626 2482 3652 2473 3673 2485 3676 2485 3678 2485 3680 2485 3683 2485 3685 2485 3739 2466 3777 2477 3780 2477 3782 2477 3898 2470 4773 2518 4778 2499 4778 2444 4579 2440 4577 2437 4556 2421 4553 2421 4551 2421 4548 2421 4473 2430 4416 2409 4414 2409"/></Shape>
	    <String CONTENT="us in animo suo fatus est, apud se statuit et decrevit. vel aliquid decreto statutum, ut ordo"
                    HPOS="2973"
                    VPOS="2376"
                    WIDTH="1805"
                    HEIGHT="142"
                    WC="0.9839126865069071"></String>
          </TextLine>

          
          
          <TextLine ID="eSc_line_346bffae"
                    TAGREFS="LT11324"
                    BASELINE="2975 2496 3349 2489 3988 2511 4776 2565" 
                    HPOS="2973"
                    VPOS="2435"
                    WIDTH="1803"
                    HEIGHT="158">
            <Shape><Polygon POINTS="2973 2515 3295 2529 3297 2529 3299 2529 3335 2513 3399 2532 3401 2532 3404 2532 3474 2520 3501 2539 3503 2541 3505 2541 3508 2541 3510 2541 3512 2541 3515 2539 3541 2527 3588 2544 3597 2546 3600 2546 3602 2546 3605 2546 3612 2544 3645 2532 3735 2532 3761 2546 3763 2546 3765 2546 3768 2546 3770 2546 3799 2534 4028 2544 4059 2563 4064 2567 4066 2567 4068 2567 4071 2567 4097 2565 4208 2553 4326 2558 4352 2577 4359 2581 4362 2581 4364 2581 4454 2584 4456 2584 4459 2584 4466 2581 4492 2570 4511 2584 4518 2589 4520 2589 4522 2589 4773 2593 4776 2565 4776 2522 4723 2503 4721 2503 4719 2503 4634 2515 4627 2515 4622 2515 4539 2489 4537 2489 4447 2485 4444 2485 4442 2485 4440 2485 4416 2499 4369 2480 4366 2480 4364 2480 4293 2492 4262 2475 4260 2475 4257 2475 4160 2485 4139 2470 4137 2470 4134 2470 4132 2470 4045 2477 4004 2463 4002 2463 4000 2463 3997 2463 3962 2480 3945 2463 3945 2461 3943 2461 3940 2461 3801 2454 3799 2454 3796 2454 3749 2473 3647 2456 3645 2456 3642 2456 3640 2456 3626 2468 3605 2451 3602 2451 3600 2451 3597 2451 3595 2451 3553 2466 3548 2466 3536 2466 3389 2442 3387 2442 3385 2442 3342 2456 3337 2456 3207 2451 3205 2449 3186 2435 3184 2435 3181 2435 3179 2435 3176 2435 3174 2435 3155 2447 3153 2447 2975 2440 2975 2496"/></Shape>
	    <String CONTENT="rebus inhaerens ex Dei dispositione. ordo naturalis M. voluntas et jucsio Dei M ex Platoni"
                    HPOS="2973"
                    VPOS="2435"
                    WIDTH="1803"
                    HEIGHT="158"
                    WC="0.9670216454399957"></String>
          </TextLine>

          
          
          <TextLine ID="eSc_line_3c307406"
                    TAGREFS="LT11324"
                    BASELINE="2973 2560 3458 2555 4071 2577 4321 2589 4783 2633" 
                    HPOS="2971"
                    VPOS="2503"
                    WIDTH="1812"
                    HEIGHT="152">
            <Shape><Polygon POINTS="2971 2584 3155 2591 3158 2591 3160 2591 3198 2579 3231 2593 3233 2593 3236 2593 3299 2584 3359 2598 3361 2598 3363 2598 3366 2598 3420 2584 3560 2605 3562 2605 3564 2605 3612 2591 3926 2600 3948 2615 3950 2615 3952 2615 3955 2615 4172 2612 4234 2633 4236 2633 4239 2633 4241 2633 4295 2617 4354 2619 4376 2638 4378 2638 4380 2638 4383 2638 4456 2629 4496 2643 4499 2643 4780 2655 4783 2633 4783 2577 4548 2574 4527 2567 4499 2558 4496 2558 4494 2558 4414 2563 4371 2565 4366 2560 4350 2548 4350 2546 4347 2546 4345 2546 4281 2544 4279 2544 4276 2544 4274 2544 4255 2558 4253 2558 4241 2555 4120 2537 4118 2537 4116 2537 4085 2551 4045 2534 4042 2534 4040 2534 4037 2534 4011 2544 3922 2529 3919 2529 3917 2529 3881 2544 3867 2529 3865 2529 3862 2529 3756 2522 3754 2522 3638 2534 3576 2515 3574 2515 3571 2515 3508 2525 3456 2511 3453 2511 3451 2511 3448 2511 3396 2525 3354 2508 3351 2508 3349 2508 3271 2520 3174 2520 3158 2503 3155 2503 3153 2503 3150 2503 3148 2503 3113 2515 2973 2513 2973 2560"/></Shape>
	    <String CONTENT="ordo quidam necessarius in rebus omnibus ex omni aeternitate constitutus, cui non modo infer"
                    HPOS="2971"
                    VPOS="2503"
                    WIDTH="1812"
                    HEIGHT="152"
                    WC="0.9944128264551577"></String>
          </TextLine>

          
          
          <TextLine ID="eSc_line_81eda7f2"
                    TAGREFS="LT11324"
                    BASELINE="2973 2626 3359 2617 4040 2638 4560 2671 4759 2697" 
                    HPOS="2971"
                    VPOS="2565"
                    WIDTH="1788"
                    HEIGHT="151">
            <Shape><Polygon POINTS="2971 2638 2990 2652 2992 2652 2994 2652 2997 2652 3061 2645 3184 2660 3186 2660 3311 2648 3337 2645 3354 2650 3396 2662 3399 2662 3401 2662 3491 2655 3545 2652 3562 2660 3583 2669 3586 2669 3588 2669 3590 2669 3593 2669 3605 2662 3616 2655 3721 2667 3782 2674 3784 2674 3787 2674 3799 2671 3836 2662 4035 2667 4078 2683 4099 2693 4101 2693 4104 2693 4146 2688 4220 2678 4246 2693 4255 2697 4257 2697 4326 2700 4328 2700 4331 2700 4338 2697 4364 2683 4482 2704 4503 2707 4757 2716 4759 2697 4759 2641 4461 2631 4435 2615 4433 2615 4430 2615 4428 2615 4371 2626 4302 2605 4300 2605 4298 2605 4295 2605 4267 2617 4170 2600 4168 2600 4049 2612 3945 2593 3943 2593 3893 2600 3846 2589 3844 2589 3841 2589 3839 2589 3782 2603 3756 2586 3754 2586 3751 2586 3749 2586 3668 2596 3581 2579 3470 2577 3467 2577 3465 2577 3439 2591 3413 2574 3411 2574 3408 2574 3406 2574 3337 2589 3316 2572 3316 2570 3314 2570 3311 2570 3309 2570 3233 2581 3188 2565 3186 2565 3184 2565 3181 2565 3139 2581 2973 2577 2973 2626"/></Shape>
	    <String CONTENT="ra haec, sed et dens ipse serviat, ita ut eum mutare non possit. vel sempiterna et indectin"
                    HPOS="2971"
                    VPOS="2565"
                    WIDTH="1788"
                    HEIGHT="151"
                    WC="0.9909055016852997"></String>
          </TextLine>

          
          
          <TextLine ID="eSc_line_4e6e4a2e"
                    TAGREFS="LT11324"
                    BASELINE="2978 2693 3366 2686 3988 2704 4383 2721 4754 2752" 
                    HPOS="2975"
                    VPOS="2638"
                    WIDTH="1779"
                    HEIGHT="140">
            <Shape><Polygon POINTS="2975 2712 3077 2728 3079 2728 3266 2723 3439 2719 3557 2733 3661 2747 3664 2747 3666 2747 3668 2747 3680 2738 3694 2728 3751 2740 3806 2752 3808 2752 3846 2745 3886 2735 4146 2740 4160 2756 4165 2759 4165 2761 4168 2761 4170 2761 4172 2761 4175 2761 4191 2756 4213 2749 4224 2759 4236 2766 4239 2766 4241 2766 4243 2766 4246 2766 4260 2759 4281 2747 4340 2759 4343 2759 4345 2759 4388 2749 4456 2752 4475 2766 4480 2771 4482 2771 4485 2771 4487 2771 4489 2771 4499 2768 4520 2759 4541 2768 4556 2775 4558 2775 4560 2778 4752 2778 4754 2752 4754 2704 4428 2695 4423 2690 4383 2674 4380 2674 4378 2674 4269 2686 4262 2686 4260 2686 4241 2669 4239 2669 4236 2669 4234 2669 4139 2676 3919 2660 3917 2660 3914 2660 3886 2671 3884 2671 3853 2657 3851 2657 3848 2657 3737 2664 3654 2652 3652 2652 3650 2652 3621 2662 3602 2667 3560 2660 3489 2645 3486 2645 3484 2645 3456 2655 3444 2660 3427 2655 3396 2643 3394 2643 3392 2643 3342 2650 3297 2657 2978 2638 2978 2693"/></Shape>
	    <String CONTENT="lis series rerum, et catena, quae semet ipsa volvit et implicat per aeternos consequentiae"
                    HPOS="2975"
                    VPOS="2638"
                    WIDTH="1779"
                    HEIGHT="140"
                    WC="0.9848937491575877"></String>
          </TextLine>

          
          
          <TextLine ID="eSc_line_dd99c2ba"
                    TAGREFS="LT11324"
                    BASELINE="2971 2759 3366 2754 3775 2778 4198 2780 4778 2818" 
                    HPOS="2968"
                    VPOS="2697"
                    WIDTH="1810"
                    HEIGHT="159">
            <Shape><Polygon POINTS="2968 2778 3037 2794 3127 2797 3129 2797 3131 2797 3155 2785 3165 2782 3179 2787 3226 2801 3228 2801 3231 2801 3233 2801 3271 2790 3285 2787 3302 2792 3356 2806 3359 2806 3361 2806 3451 2797 3484 2794 3501 2799 3531 2808 3534 2808 3536 2808 3626 2804 3676 2801 3694 2806 3742 2820 3744 2820 3813 2823 3815 2823 3817 2823 3820 2823 3836 2811 3841 2808 3865 2813 3936 2827 3938 2827 4026 2818 4066 2816 4113 2823 4179 2832 4182 2832 4220 2827 4243 2823 4250 2827 4262 2837 4262 2839 4265 2839 4267 2839 4269 2839 4319 2830 4338 2827 4402 2832 4582 2851 4584 2851 4586 2851 4622 2842 4641 2837 4669 2844 4723 2856 4726 2856 4776 2846 4778 2818 4776 2778 4705 2775 4702 2773 4671 2754 4669 2754 4667 2754 4664 2754 4593 2771 4589 2771 4586 2771 4544 2749 4541 2749 4473 2747 4470 2747 4468 2747 4404 2764 4402 2764 4397 2764 4326 2740 4324 2740 4321 2740 4236 2754 4134 2733 4132 2733 4000 2740 3985 2728 3983 2728 3981 2728 3858 2723 3855 2723 3853 2723 3815 2742 3813 2742 3810 2742 3749 2719 3747 2719 3744 2719 3628 2735 3621 2735 3605 2735 3418 2707 3415 2707 3344 2723 3266 2702 3264 2702 3262 2702 3259 2702 3205 2719 3044 2716 3042 2714 3018 2697 3016 2697 3013 2697 3011 2697 3008 2697 2971 2707 2971 2759"/></Shape>
	    <String CONTENT="dines, ex quibus apta connexaque est. M ex Chrysippo. Fatum physicum est ordo secundarur"
                    HPOS="2968"
                    VPOS="2697"
                    WIDTH="1810"
                    HEIGHT="159"
                    WC="0.9840621250596914"></String>
          </TextLine>

          
          
          <TextLine ID="eSc_line_69ca8854"
                    TAGREFS="LT11324"
                    BASELINE="2973 2827 3614 2827 4397 2872 4776 2879" 
                    HPOS="2971"
                    VPOS="2771"
                    WIDTH="1805"
                    HEIGHT="141">
            <Shape><Polygon POINTS="2971 2853 3020 2851 3046 2858 3072 2868 3075 2868 3077 2868 3108 2860 3172 2846 3323 2868 3328 2868 3330 2868 3333 2868 3380 2856 3392 2865 3392 2868 3394 2868 3396 2868 3399 2868 3401 2868 3448 2856 3820 2868 3846 2884 3860 2894 3862 2894 3865 2894 3867 2894 3870 2894 3891 2886 3919 2875 4019 2875 4056 2891 4078 2901 4080 2901 4771 2912 4776 2879 4773 2832 4702 2842 4669 2827 4655 2823 4653 2823 4650 2823 4617 2827 4558 2837 4508 2825 4475 2816 4473 2816 4470 2816 4468 2816 4449 2823 4428 2832 4340 2832 4279 2827 4269 2818 4257 2808 4255 2808 4253 2808 4250 2808 4248 2808 4213 2818 4187 2823 4144 2816 4075 2804 4073 2804 3974 2811 3910 2816 3898 2808 3879 2797 3877 2797 3874 2797 3872 2797 3784 2806 3758 2808 3749 2806 3718 2792 3716 2792 3463 2782 3460 2782 3458 2782 3418 2797 3411 2799 3387 2797 3245 2775 3243 2775 3240 2775 3179 2792 3174 2792 3167 2792 3096 2771 3094 2771 3091 2771 3089 2771 3056 2787 2973 2787 2973 2827"/></Shape>
	    <String CONTENT="causarum decreta providentiae divinae exsequentium. Fatum Stoicum est, quo ipse Deus a"
                    HPOS="2971"
                    VPOS="2771"
                    WIDTH="1805"
                    HEIGHT="141"
                    WC="0.9903247072253116"></String>
          </TextLine>

          
          
          <TextLine ID="eSc_line_8bfff617"
                    TAGREFS="LT11324"
                    BASELINE="2975 2884 3567 2891 3900 2905 4068 2924 4776 2953" 
                    HPOS="2973"
                    VPOS="2837"
                    WIDTH="1803"
                    HEIGHT="144">
            <Shape><Polygon POINTS="2973 2910 3302 2915 3321 2924 3337 2934 3340 2934 3342 2934 3344 2934 3366 2927 3392 2920 3446 2929 3482 2936 3484 2936 3486 2936 3496 2931 3515 2924 3541 2934 3569 2943 3571 2943 3574 2943 3616 2936 3664 2929 3730 2941 3758 2946 3761 2946 3813 2943 3971 2939 4071 2955 4120 2962 4123 2962 4189 2960 4314 2953 4343 2965 4352 2969 4354 2969 4771 2981 4776 2953 4773 2910 4688 2891 4686 2891 4683 2891 4643 2903 4537 2901 4449 2901 4447 2898 4430 2886 4428 2886 4425 2886 4423 2886 4350 2896 4340 2896 4321 2896 4165 2879 4163 2879 4087 2886 4052 2868 4049 2868 4047 2868 3969 2875 3893 2863 3891 2863 3888 2863 3865 2875 3465 2849 3463 2849 3257 2860 3252 2860 3247 2860 3105 2837 3103 2837 3101 2837 3068 2853 2975 2853 2975 2884"/></Shape>
	    <String CONTENT="necessitatem compellitur. L. P vel decretum Dei nobis absconditum, et minus revelatum"
                    HPOS="2973"
                    VPOS="2837"
                    WIDTH="1803"
                    HEIGHT="144"
                    WC="0.9897773209740134"></String>
          </TextLine>

          
          
          <TextLine ID="eSc_line_0dd80a89"
                    TAGREFS="LT11324"
                    BASELINE="2973 2953 3924 2967 4194 2998 4764 3012" 
                    HPOS="2971"
                    VPOS="2905"
                    WIDTH="1793"
                    HEIGHT="147">
            <Shape><Polygon POINTS="2971 2976 3089 2993 3091 2993 3094 2993 3115 2983 3117 2981 3120 2983 3184 3014 3186 3014 3188 3014 3191 3014 3254 2988 3325 3019 3328 3019 3330 3019 3333 3019 3335 3019 3373 2991 3377 2988 3396 2993 3491 3014 3493 3014 3496 3014 3541 2998 3555 2993 3628 2993 3652 3000 3730 3031 3732 3031 3735 3031 3737 3031 3808 3007 3836 2998 4000 3000 4014 3014 4021 3019 4023 3019 4026 3019 4028 3019 4066 3014 4116 3009 4130 3017 4165 3040 4168 3040 4170 3040 4276 3043 4279 3043 4281 3043 4326 3026 4364 3045 4366 3045 4369 3045 4511 3035 4681 3052 4683 3052 4761 3038 4764 3012 4764 2969 4466 2962 4463 2960 4435 2946 4433 2946 4430 2946 4317 2955 4291 2936 4288 2936 4286 2936 4284 2936 4281 2936 4279 2936 4250 2955 4248 2955 4246 2953 4215 2939 4213 2939 4210 2939 4106 2950 4097 2950 4085 2950 3938 2924 3936 2924 3933 2924 3910 2936 3891 2924 3888 2924 3886 2924 3884 2924 3789 2936 3749 2924 3747 2924 3744 2924 3647 2936 3633 2924 3633 2922 3631 2922 3628 2922 3626 2922 3541 2927 3529 2917 3529 2915 3527 2915 3524 2915 3522 2915 3519 2915 3460 2931 3453 2934 3448 2931 3418 2912 3415 2912 3413 2912 3411 2912 3408 2912 3356 2927 3323 2910 3321 2910 3318 2910 3098 2920 3039 2905 3037 2905 3034 2905 2973 2917 2973 2953"/></Shape>
	    <String CONTENT="vel necessitas quaedam, secundum quam res aliter, ac reipsa fiunt, fieri non possunt."
                    HPOS="2971"
                    VPOS="2905"
                    WIDTH="1793"
                    HEIGHT="147"
                    WC="0.9878254350493936"></String>
          </TextLine>

          
          
          <TextLine ID="eSc_line_95d570a2"
                    TAGREFS="LT11324"
                    BASELINE="2975 3059 3844 3066 4745 3130" 
                    HPOS="2973"
                    VPOS="2993"
                    WIDTH="1772"
                    HEIGHT="163">
            <Shape><Polygon POINTS="2973 3083 3295 3099 3297 3099 3311 3097 3396 3085 3422 3102 3425 3102 3427 3102 3430 3102 3510 3090 3569 3109 3579 3111 3581 3111 3583 3111 3586 3111 3593 3109 3640 3095 3718 3109 4101 3111 4231 3132 4234 3132 4326 3125 4390 3142 4397 3144 4399 3144 4402 3144 4404 3144 4409 3144 4437 3135 4459 3147 4461 3147 4463 3147 4740 3156 4745 3130 4742 3064 4518 3069 4482 3054 4477 3052 4475 3052 4473 3052 4461 3054 4402 3064 4362 3050 4340 3043 4338 3043 4336 3043 4302 3047 4257 3057 4224 3045 4201 3038 4198 3038 4196 3038 4137 3043 4106 3045 4054 3040 3924 3026 3922 3026 3870 3033 3855 3035 3841 3033 3799 3024 3796 3024 3794 3024 3777 3031 3761 3038 3673 3028 3524 3009 3522 3009 3406 3019 3366 3021 3347 3017 3285 3000 3283 3000 3281 3000 3278 3000 3243 3014 3240 3014 3238 3014 3214 2998 3212 2998 3210 2998 3207 2998 3205 2998 3155 3009 3146 3012 3027 3009 3023 3007 3006 2993 3004 2993 3001 2993 2999 2993 2997 2993 2975 3000 2975 3059"/></Shape>
	    <String CONTENT="Favere bona fari seu favorem facere J. L. ex Donato. lucidum vultum ostendere H. ostendere bo"
                    HPOS="2973"
                    VPOS="2993"
                    WIDTH="1772"
                    HEIGHT="163"
                    WC="0.9844546106553846"></String>
          </TextLine>

          
          
          <TextLine ID="eSc_line_b5053e52"
                    TAGREFS="LT11324"
                    BASELINE="2971 3128 3143 3121 4085 3137" 
                    HPOS="2968"
                    VPOS="3071"
                    WIDTH="1117"
                    HEIGHT="99">
            <Shape><Polygon POINTS="2968 3151 3160 3147 3174 3158 3176 3161 3179 3161 3181 3161 3184 3161 3325 3161 3742 3156 4080 3170 4085 3137 4082 3097 4037 3102 4019 3095 4002 3087 4000 3087 3997 3087 3995 3087 3993 3087 3983 3095 3971 3102 3952 3092 3936 3085 3933 3085 3834 3085 3832 3085 3829 3085 3815 3090 3784 3099 3751 3087 3735 3083 3732 3083 3730 3083 3728 3083 3725 3083 3721 3087 3704 3099 3638 3099 3626 3085 3621 3083 3621 3080 3619 3080 3616 3080 3614 3080 3612 3080 3602 3085 3579 3095 3534 3083 3522 3080 3519 3080 3517 3080 3501 3083 3439 3092 3422 3080 3420 3078 3418 3078 3415 3078 3413 3078 3399 3080 3333 3092 3250 3076 3240 3076 3238 3076 3236 3076 3233 3076 3198 3090 3129 3076 3127 3076 3061 3087 2971 3071 2971 3128"/></Shape>
	    <String CONTENT="volentiam M. ex Scalig. velle, ut res aliqua feliciter succe"
                    HPOS="2968"
                    VPOS="3071"
                    WIDTH="1117"
                    HEIGHT="99"
                    WC="0.9838076834877332"></String>
          </TextLine>

          
          
          <TextLine ID="eSc_line_9e8f5462"
                    TAGREFS="LT11324"
                    BASELINE="4165 3161 4511 3168 4757 3189" 
                    HPOS="4163"
                    VPOS="3116"
                    WIDTH="594"
                    HEIGHT="118">
            <Shape><Polygon POINTS="4163 3182 4286 3187 4291 3189 4317 3208 4319 3208 4321 3208 4324 3208 4326 3208 4366 3196 4388 3210 4390 3210 4392 3210 4395 3210 4397 3210 4399 3210 4418 3196 4423 3194 4437 3199 4532 3227 4534 3227 4537 3227 4643 3218 4719 3234 4721 3234 4723 3234 4754 3215 4757 3189 4757 3142 4556 3142 4515 3135 4428 3121 4425 3121 4340 3130 4324 3130 4321 3128 4310 3118 4310 3116 4307 3116 4305 3116 4302 3116 4165 3123 4165 3161"/></Shape>
	    <String CONTENT="ive velle, ut alicui prospera quae"
                    HPOS="4163"
                    VPOS="3116"
                    WIDTH="594"
                    HEIGHT="118"
                    WC="0.9660542747553658"></String>
          </TextLine>

          
          
          <TextLine ID="eSc_line_f8555b59"
                    TAGREFS="LT11324"
                    BASELINE="2973 3187 4082 3180" 
                    HPOS="2971"
                    VPOS="3139"
                    WIDTH="1111"
                    HEIGHT="93">
            <Shape><Polygon POINTS="2973 3213 3330 3232 3333 3232 3335 3232 3380 3220 3389 3218 3432 3220 3567 3229 3569 3229 3571 3229 3588 3222 3609 3213 3685 3222 3687 3222 3690 3222 3692 3222 3770 3208 3815 3220 3817 3220 3820 3220 3822 3220 3825 3220 3839 3208 3898 3220 3900 3220 3962 3208 4078 3227 4082 3180 4078 3151 3749 3139 3747 3139 2971 3154 2973 3187"/></Shape>
	    <String CONTENT="eveniant, idque ut fiat, curare. voluntatem juvandi habere."
                    HPOS="2971"
                    VPOS="3139"
                    WIDTH="1111"
                    HEIGHT="93"
                    WC="0.9786338987997023"></String>
          </TextLine>

          
          
          <TextLine ID="eSc_line_a8afb7d1"
                    TAGREFS="LT11324"
                    BASELINE="2971 3284 3787 3303 4094 3326 4388 3331 4761 3355" 
                    HPOS="2968"
                    VPOS="3227"
                    WIDTH="1793"
                    HEIGHT="165">
            <Shape><Polygon POINTS="2968 3331 3098 3319 3172 3333 3174 3333 3176 3333 3219 3322 3271 3338 3273 3338 3276 3338 3278 3338 3281 3338 3302 3324 3465 3326 3486 3343 3489 3343 3491 3343 3493 3343 3574 3336 3595 3352 3597 3352 3600 3352 3602 3352 3699 3336 3884 3340 3914 3366 3917 3366 3919 3366 3922 3366 3929 3366 3993 3352 4047 3371 4052 3371 4054 3371 4056 3371 4064 3371 4113 3362 4302 3378 4310 3378 4312 3378 4314 3378 4395 3359 4506 3381 4508 3381 4511 3381 4537 3374 4553 3388 4556 3388 4558 3388 4754 3392 4761 3355 4761 3305 4641 3303 4636 3298 4617 3281 4615 3281 4612 3281 4610 3281 4515 3288 4470 3277 4468 3277 4466 3277 4463 3277 4428 3288 4414 3293 4378 3286 4307 3274 4305 3274 4302 3274 4269 3281 4250 3286 4160 3286 4146 3277 4134 3270 4132 3270 4130 3270 4127 3270 4125 3270 4123 3270 4116 3277 4106 3281 4094 3274 4082 3270 4080 3270 4078 3270 4040 3272 3995 3277 3985 3270 3976 3262 3976 3260 3974 3260 3971 3260 3969 3260 3967 3260 3943 3267 3919 3277 3898 3267 3879 3258 3877 3258 3799 3255 3796 3255 3794 3255 3780 3260 3763 3270 3747 3260 3737 3253 3735 3253 3732 3253 3730 3253 3624 3255 3527 3255 3508 3248 3491 3244 3489 3244 3486 3244 3437 3246 3307 3255 3288 3239 3285 3239 3285 3236 3283 3236 3281 3236 3278 3236 3276 3236 3269 3239 3236 3253 3082 3251 3044 3229 3042 3229 2971 3227 2971 3284"/></Shape>
	    <String CONTENT="Favus apum domus et cellulae, in quibus sobolem fovent, vel opus apiarium melle plenum J.."
                    HPOS="2968"
                    VPOS="3227"
                    WIDTH="1793"
                    HEIGHT="165"
                    WC="0.9847040110164218"></String>
          </TextLine>

          
          
          <TextLine ID="eSc_line_0ff31ec8"
                    TAGREFS="LT11324"
                    BASELINE="2973 3350 3903 3364" 
                    HPOS="2971"
                    VPOS="3317"
                    WIDTH="932"
                    HEIGHT="97">
            <Shape><Polygon POINTS="2971 3388 3098 3383 3124 3395 3141 3402 3143 3402 3146 3402 3148 3402 3165 3395 3188 3385 3202 3397 3210 3402 3212 3402 3214 3402 3217 3402 3254 3397 3314 3390 3359 3400 3380 3404 3382 3404 3385 3404 3396 3402 3437 3388 3493 3404 3508 3407 3510 3407 3512 3407 3515 3407 3522 3404 3550 3390 3581 3404 3590 3409 3593 3409 3595 3409 3597 3409 3607 3407 3642 3395 3794 3395 3815 3411 3817 3411 3820 3411 3822 3414 3900 3414 3903 3364 3900 3331 2973 3317 2973 3350"/></Shape>
	    <String CONTENT="cellula sexangula apum operis fundamentum M."
                    HPOS="2971"
                    VPOS="3317"
                    WIDTH="932"
                    HEIGHT="97"
                    WC="0.9945177842270244"></String>
          </TextLine>

          
          
          <TextLine ID="eSc_line_4de398fb"
                    TAGREFS="LT11324"
                    BASELINE="2971 3449 3579 3461 4768 3515" 
                    HPOS="2968"
                    VPOS="3397"
                    WIDTH="1800"
                    HEIGHT="154">
            <Shape><Polygon POINTS="2968 3480 3389 3499 3392 3499 3401 3499 3472 3487 3631 3492 3652 3508 3654 3511 3657 3511 3659 3511 3661 3511 3678 3508 3751 3499 3810 3515 3825 3518 3827 3518 3829 3518 3832 3518 3839 3515 3879 3504 3976 3520 4002 3525 4004 3525 4007 3525 4016 3523 4061 3511 4286 3518 4300 3532 4302 3532 4305 3532 4307 3532 4310 3532 4333 3523 4352 3537 4354 3539 4357 3539 4359 3539 4362 3539 4364 3539 4373 3537 4414 3525 4761 3551 4768 3515 4768 3473 2971 3397 2971 3449"/></Shape>
	    <String CONTENT="Faux superior pars gulae mento proxima J. L. Fauces sunt angustorum locorum aditus inte"
                    HPOS="2968"
                    VPOS="3397"
                    WIDTH="1800"
                    HEIGHT="154"
                    WC="0.9916062690745825"></String>
          </TextLine>

          
          
          <TextLine ID="eSc_line_f378fabc"
                    TAGREFS="LT11324"
                    BASELINE="2973 3511 4156 3544 4776 3579" 
                    HPOS="2973"
                    VPOS="3468"
                    WIDTH="1803"
                    HEIGHT="142">
            <Shape><Polygon POINTS="2973 3546 3224 3541 3288 3558 3290 3558 3292 3558 3295 3558 3370 3546 3446 3565 3463 3567 3465 3567 3467 3567 3477 3565 3524 3553 3668 3553 3711 3572 3713 3572 3716 3572 3858 3563 4030 3584 4033 3584 4035 3584 4037 3584 4085 3570 4222 3591 4224 3591 4227 3591 4229 3591 4307 3582 4352 3596 4359 3598 4362 3598 4364 3598 4366 3598 4371 3596 4402 3584 4485 3601 4499 3603 4771 3610 4776 3579 4776 3537 4709 3520 4707 3520 4705 3520 4674 3532 4671 3532 4669 3532 4608 3518 4605 3518 4551 3527 4548 3527 4513 3511 4511 3511 4508 3511 4506 3511 4454 3525 4449 3525 4447 3525 4423 3508 4421 3508 4418 3508 4416 3508 4326 3520 4319 3520 4317 3520 4298 3504 4295 3504 4293 3504 4236 3501 4234 3501 4132 3511 4104 3497 4101 3497 4099 3497 4000 3506 3865 3489 3862 3489 3860 3489 3827 3501 3825 3504 3817 3501 3782 3487 3780 3487 3777 3487 3775 3487 3728 3499 3723 3499 3713 3499 3607 3480 3605 3480 3602 3480 3557 3492 3550 3494 3543 3492 3515 3480 3512 3480 3510 3480 3377 3487 3344 3487 3340 3485 3321 3471 3318 3471 3316 3471 3238 3468 3236 3468 3233 3468 3231 3468 3214 3480 3210 3482 2973 3473 2973 3511"/></Shape>
	    <String CONTENT="arduos montes, loca angusta et brevia. M. vel est meatus colli, cibum ad ventriculum defe"
                    HPOS="2973"
                    VPOS="3468"
                    WIDTH="1803"
                    HEIGHT="142"
                    WC="0.9832814623800556"></String>
          </TextLine>

          
          
          <TextLine ID="eSc_line_ae8e3170"
                    TAGREFS="LT11324"
                    BASELINE="2975 3572 4014 3593" 
                    HPOS="2973"
                    VPOS="3532"
                    WIDTH="1041"
                    HEIGHT="95">
            <Shape><Polygon POINTS="2973 3596 3089 3612 3091 3612 3150 3603 3202 3619 3205 3619 3207 3619 3299 3605 3307 3605 3318 3619 3321 3619 3321 3622 3323 3622 3325 3622 3328 3622 3392 3608 3399 3608 3406 3608 3453 3624 3456 3624 3458 3624 3460 3624 3498 3612 3510 3622 3510 3624 3512 3624 3515 3624 3517 3627 4011 3627 4014 3593 4011 3558 3716 3558 3711 3551 3704 3546 3704 3544 3702 3544 3699 3544 3697 3544 3619 3551 3581 3553 3574 3551 3553 3539 3550 3539 3548 3539 3545 3539 3527 3549 3522 3551 3508 3549 3453 3539 3451 3539 3406 3546 3399 3549 3396 3546 3385 3537 3382 3537 3380 3537 3377 3537 3262 3544 3233 3546 3228 3544 3210 3532 3207 3532 3205 3532 3202 3532 2975 3539 2975 3572"/></Shape>
	    <String CONTENT="rendum recipiens, et in vore formanda nos adjuvans."
                    HPOS="2973"
                    VPOS="3532"
                    WIDTH="1041"
                    HEIGHT="95"
                    WC="0.9771256598771787"></String>
          </TextLine>

          
          
          <TextLine ID="eSc_line_5a3a2434"
                    TAGREFS="LT11324"
                    BASELINE="2973 3681 3723 3688 4783 3735" 
                    HPOS="2971"
                    VPOS="3617"
                    WIDTH="1812"
                    HEIGHT="149">
            <Shape><Polygon POINTS="2971 3712 3131 3719 3134 3719 3143 3719 3200 3705 3316 3724 3342 3726 3344 3726 3370 3724 3486 3714 3600 3716 3624 3731 3628 3735 3631 3735 3633 3735 3635 3735 3652 3733 3702 3721 3886 3728 3907 3740 3917 3745 3919 3745 3922 3745 3983 3742 4104 3735 4210 3750 4279 3757 4281 3757 4284 3757 4307 3752 4345 3742 4430 3754 4494 3764 4496 3766 4780 3766 4783 3735 4783 3688 4451 3683 4433 3674 4423 3669 4421 3669 4418 3669 4416 3669 4407 3671 4385 3679 4333 3669 4279 3660 4276 3660 4222 3664 4158 3671 4139 3662 4125 3655 4123 3655 3993 3650 3990 3650 3964 3655 3922 3664 3903 3653 3898 3648 3896 3648 3893 3648 3891 3648 3888 3648 3877 3650 3851 3660 3832 3650 3827 3645 3825 3645 3822 3645 3631 3638 3628 3638 3626 3638 3614 3641 3567 3653 3484 3636 3479 3636 3477 3636 3474 3636 3472 3636 3456 3648 3297 3631 3295 3631 3202 3641 2973 3617 2973 3681"/></Shape>
	    <String CONTENT="Fax fustis incisus, et cerâ vel oleo junctus ac compositus adlumen faciendum. J. L. est mater"
                    HPOS="2971"
                    VPOS="3617"
                    WIDTH="1812"
                    HEIGHT="149"
                    WC="0.9827497075212762"></String>
          </TextLine>

          
          
          <TextLine ID="eSc_line_d14aecb0"
                    TAGREFS="LT11324"
                    BASELINE="2975 3735 3713 3747 4496 3794 4780 3802" 
                    HPOS="2973"
                    VPOS="3693"
                    WIDTH="1807"
                    HEIGHT="149">
            <Shape><Polygon POINTS="2973 3766 3193 3761 3231 3780 3245 3785 3247 3785 3250 3785 3252 3785 3264 3780 3297 3766 3498 3783 3501 3783 3553 3773 3664 3792 3666 3792 3730 3780 3799 3797 3801 3797 3803 3797 3806 3797 3832 3785 4068 3792 4092 3811 4097 3816 4106 3816 4116 3816 4144 3813 4182 3806 4236 3816 4288 3825 4546 3835 4548 3835 4551 3835 4572 3828 4584 3823 4591 3830 4598 3835 4598 3837 4600 3837 4603 3837 4605 3839 4674 3839 4674 3837 4676 3837 4686 3832 4702 3823 4721 3835 4738 3842 4740 3842 4742 3842 4778 3835 4780 3802 4780 3766 4600 3761 4596 3759 4582 3747 4579 3747 4577 3747 4574 3747 4492 3754 4477 3754 4470 3754 4416 3735 4414 3735 4411 3735 4409 3735 4359 3750 4352 3750 4253 3747 4250 3745 4227 3728 4224 3728 4222 3728 4220 3728 4217 3728 4179 3742 4175 3742 4168 3742 4082 3726 4080 3726 4004 3735 3997 3735 3995 3735 3952 3719 3950 3719 3948 3719 3945 3719 3943 3719 3924 3733 3922 3733 3919 3733 3865 3714 3862 3714 3666 3707 3664 3707 3661 3707 3633 3719 3493 3700 3491 3700 3489 3700 3439 3714 3434 3714 3427 3714 3302 3693 3299 3693 2975 3695 2975 3735"/></Shape>
	    <String CONTENT="pinguem oleositatem habentis cum alia facile ignem recipiente compositio, ad aëre circum-"
                    HPOS="2973"
                    VPOS="3693"
                    WIDTH="1807"
                    HEIGHT="149"
                    WC="0.9813202208942837"></String>
          </TextLine>

          
          
          <TextLine ID="eSc_line_669d1565_a"
                    TAGREFS="LT11324"
                    BASELINE="2982 3797 3342 3794 4179 3823" 
                    HPOS="2981"
                    VPOS="3742"
                    WIDTH="1198"
                    HEIGHT="132">
            <Shape><Polygon POINTS="2981 3837 2987 3845 3550 3848 4101 3874 4176 3871 4179 3823 4179 3785 3836 3764 3834 3764 3832 3764 3803 3773 3799 3776 3794 3773 3751 3761 3749 3761 3747 3761 3633 3771 3609 3771 3605 3768 3581 3757 3579 3757 3576 3757 3458 3766 3439 3766 3432 3764 3389 3752 3387 3752 3385 3752 3262 3761 3240 3761 3236 3759 3219 3747 3217 3747 3214 3747 3212 3747 3160 3759 3153 3759 3141 3757 3087 3745 3084 3745 3082 3745 3079 3745 3065 3757 3063 3757 3042 3742 3039 3742 3037 3742 3034 3742 2982 3752 2982 3797"/></Shape>
	    <String CONTENT="stantem illuminandum, et lumen eo diutills servandum."
                    HPOS="2981"
                    VPOS="3742"
                    WIDTH="1198"
                    HEIGHT="132"
                    WC="0.9786140693808502"></String>
          </TextLine>

          
          
          <TextLine ID="eSc_line_90452a5b_a"
                    TAGREFS="LT11324"
                    
                    HPOS="4600"
                    VPOS="125"
                    WIDTH="50"
                    HEIGHT="5">
            <Shape><Polygon POINTS="4600 130 4650 130 4600 125"/></Shape>
	    <String CONTENT=""
                    HPOS="4600"
                    VPOS="125"
                    WIDTH="50"
                    HEIGHT="5"></String>
          </TextLine>

          
        </TextBlock>
        
        <TextBlock HPOS="3"
                   VPOS="3896"
                   WIDTH="4844"
                   HEIGHT="359"
                   ID="r1"
                   TAGREFS="BT16577">
          <Shape><Polygon POINTS="3 3896 4847 3896 4847 4255 3 4255"/></Shape>
          
          
          <TextLine ID="eSc_line_669d1565_b"
                    TAGREFS="LT11324"
                    
                    HPOS="2978"
                    VPOS="3896"
                    WIDTH="1196"
                    HEIGHT="24">
            <Shape><Polygon POINTS="4172 3920 4174 3896 2978 3896 2978 3908"/></Shape>
	    <String CONTENT=""
                    HPOS="2978"
                    VPOS="3896"
                    WIDTH="1196"
                    HEIGHT="24"></String>
          </TextLine>

          
          
          <TextLine ID="eSc_line_8f945f50"
                    TAGREFS="LT11324"
                    BASELINE="347 4069 1201 4064" 
                    HPOS="345"
                    VPOS="4031"
                    WIDTH="856"
                    HEIGHT="64">
            <Shape><Polygon POINTS="347 4092 1196 4095 1201 4064 1194 4031 345 4033 347 4069"/></Shape>
	    <String CONTENT="COTTFRIED MILIIEIM LEIBrIIZ BIBLIOTHIEK"
                    HPOS="345"
                    VPOS="4031"
                    WIDTH="856"
                    HEIGHT="64"
                    WC="0.9809698814000839"></String>
          </TextLine>

          
          
          <TextLine ID="eSc_line_80cbf6be"
                    TAGREFS="LT11324"
                    BASELINE="4179 4076 4697 4073" 
                    HPOS="4177"
                    VPOS="4036"
                    WIDTH="520"
                    HEIGHT="73">
            <Shape><Polygon POINTS="4179 4095 4693 4109 4697 4073 4690 4036 4177 4045 4179 4076"/></Shape>
	    <String CONTENT="Sionatur. LtI a. 70. 2. 12881 260"
                    HPOS="4177"
                    VPOS="4036"
                    WIDTH="520"
                    HEIGHT="73"
                    WC="0.9317401638536742"></String>
          </TextLine>

          
          
          <TextLine ID="eSc_line_e1ea5072"
                    TAGREFS="LT11324"
                    BASELINE="338 4137 1201 4137" 
                    HPOS="338"
                    VPOS="4104"
                    WIDTH="863"
                    HEIGHT="64">
            <Shape><Polygon POINTS="338 4166 1199 4168 1201 4137 1201 4104 338 4104 338 4137"/></Shape>
	    <String CONTENT="NIEDERSRCNSISCHE LANDESBIBLIOTHEK"
                    HPOS="338"
                    VPOS="4104"
                    WIDTH="863"
                    HEIGHT="64"
                    WC="0.9822079394802903"></String>
          </TextLine>

          
        </TextBlock>
        
        <TextBlock HPOS="4602"
                   VPOS="43"
                   WIDTH="95"
                   HEIGHT="88"
                   ID="r2"
                   TAGREFS="BT16581">
          <Shape><Polygon POINTS="4615 52 4602 117 4678 131 4697 43"/></Shape>
          
          
          <TextLine ID="eSc_line_90452a5b_b"
                    TAGREFS="LT11324"
                    BASELINE="4604 106 4679 101" 
                    HPOS="4602"
                    VPOS="73"
                    WIDTH="77"
                    HEIGHT="57">
            <Shape><Polygon POINTS="4622 101 4612 73 4611 73 4602 117 4673 130 4678 130 4679 126 4679 101 4674 80 4669 78 4645 85"/></Shape>
	    <String CONTENT="20"
                    HPOS="4602"
                    VPOS="73"
                    WIDTH="77"
                    HEIGHT="57"
                    WC="0.9980267882347107"></String>
          </TextLine>

          
        </TextBlock>
        

        
      </PrintSpace>
    </Page>
  </Layout>
</alto>
