4828 4394
131 58 1133 151 idea est conceptus in mente agentis, eui vult

87 151 525 100 imilem reddere effectum

122 153 1125 152 Typus est aliquid extra mentem agentis, quod

1233 207 105 93 Cn

1062 278 217 68 agentem

146 305 1043 136 Occasio est exstantia conditionis, sub qua

107 339 1101 185 agens agere paratum est. Ut sur paratus est

95 410 1182 168 agere, si sit materia quod furari possit, et spes

107 456 1326 183 fallendi. itaque remotio impedimenti non est occasio,

90 519 1118 174 videtur Occasio locum habere tantum in causis

122 578 1106 154 voluntariis et videtur  occasio esse status

134 634 1091 178 quidam patientis seu dojecti, quo existente

119 749 484 115 agens vult agere.

214 742 1060 168 juvat, quod reddit actionem faciliorem

146 829 879 149 Impedit quod reddit difficiliorem

163 883 1033 166 ginis est cujus ide conceptus cogitatio

74 927 1528 195 est carsa voluntatis agendi appetitus seu desiderium est

102 1013 1162 166 estacasa efficiens appetitus seu voluntatis

126 1086 1114 146 conferentium ad ipsum sive Mediorum

190 1144 1116 142 Materia est cuj requesitum cujus mulatione

136 1188 1251 179 immediata res fit, quo requisitum, est internum,

114 1271 1133 154 est re tempore prior et posterior naturaliter

117 1330 1143 159 seu potest dici commune duobus, quorum unum

126 1391 1129 166 produci genevitur alterius omproducitur alterius

139 1440 1069 161 destructione, et quod in cujus quod est

124 1506 1140 151 subiectum commune tum earum qualitatum

124 1554 1148 174 quae erant in primo, tum earum quae sunt

131 1616 1116 153 in secundo, tum mutationum quae contigere

178 1669 1140 166 ut pro destrueretur primum et produceretur

122 1728 1108 163 secundum. seu si A est C, et B est c

131 1789 1063 168 idem C, +F erit C materia Truncus est

100 1855 1101 156 lignum et statua hac est lignum idem

122 1911 1160 171 lignum, et trumcus non est statua nec statua,

114 1977 1129 168 truncus. Ergo  lignum dicetur materia.

158 2031 1739 190 Differentia ipsius A _ N dicitur forma ipsius A. espectu materiae C.

124 2140 1138 171 si definitioni substantiae supra

139 2221 1140 161 positae addas definitionem materiae

139 2275 1367 190 demonstrari poterit materiam primam; si qua datur

129 2345 1231 179 esse substantiam, et quidem

109 2428 1124 166 in incorruptibilem, quia generatio

126 2494 1082 149 et corruptio praesupponerent materiam

100 2565 1108 144 aliquam communem, ipsa autem cum

97 2621 1141 161 sit materia prima exhypothesi, aliam

87 2707 936 144 materiam prtem non habet.

168 2775 1087 147 Basis Homogeneorum est, quod in toto

139 2843 1130 159 et partibus idem F est. ut in die et hora

97 2926 1104 142 commune et omni tempore est quiddam

107 2985 1165 156 commune, item in partibus spatii, item

90 3056 1128 134 in partibus corporis, in partibus motus. in

97 3105 1155 151 gradibus caloris. Talis basis homogeneorum

102 3161 1150 171 est etiam materia corporum communis

129 3246 1226 169 quid sit totum et pars suo loco explicabitur

1300 314 487 98 F exisse tea in ajelo

1593 1138 817 92 si Cest A et idem C est B, sintque A et

1545 1179 875 114 B incompatibilia, et sit Ens quoddam resulten

1575 1237 808 105 ex C et A, aliud quam resultans ex

1555 1279 799 117 C et B, erit C materia, A vel B

1575 1332 786 120 forma Ens resultans compositum.

1633 1391 704 90 Tultare autem intelligo, ad quo

1584 1467 74 70 iu

1653 1435 728 105 uliud proter ea quae  quod his

1550 1484 848 115 unde resultat positis positis poni imme

1534 1550 405 95 diate intelligitur

1411 1652 779 130 sed liverso tempore, quia

1333 1740 991 134 F et _ hc A non est B nec et B non est A.

2471 180 295 133 Aliquid

2476 663 659 123 . B liquid, + A. B. C.

2974 629 212 78 item item

2456 725 1505 134 Si N non est A, et N non est B, et N non est C.  et cateita porro

2456 793 1168 117 tunc dicetur N esse Nihil. Hoc est illud quod

2468 859 1158 119 vulgo dicunt non-Entis nulla esse Attributa.

2505 930 1202 141 Skantia vel subsistens illact est subjetum

2450 1010 1161 125 commune omnium attributorum compatibilium

2498 1066 1113 115 ut substantiae seu subsistentis naturam

2446 1127 1090 130 investigemus, considerandum est, e quae

2446 1181 1180 129 Si plura  de eodem subjecto dicantur nullum

2454 1232 1221 137 eorum esse subst subsistens quiddam, ut calidum

2464 1281 1372 161 et lucidum, et hic hodie situm de hoc igne eodem igne

2454 1332 1594 171 dicuntur. Itaque conceptus Ata sc subsistentis, nempe hujus ignis,

2459 1413 1274 146 est qui omnia illa attributa includit, quae hoc

2459 1464 1169 166 de eodem dici possunt, de quo ipsum dici

2468 1520 1153 174 potest. Ita ut subsistens nihil aliud sit quam

2461 1613 1202 142 Terminus completus a cui omnia illa insunt,

2454 1667 1145 132 quae ipsi aoi vel eidem cui ipsum attribui

2464 1728 1172 151 possunt. itaque si  est B et 1 est C

2473 1796 1102 125 et  est D, & si idem est B et C

2466 1850 1180 154 et D et E, etc. quia est A, erit A substantia

2468 1935 1153 132 sec terminus completus. Hinc Termino

2473 1979 1182 159 completo nihil inest per accidens, seu omniae

2461 2040 1253 154 ejus praedicata possunt ex ejus natura demonstrari

2466 2145 481 125 patet autem hocsa

2986 2128 108 103 .

3147 2131 61 92 iceu

3230 2104 469 110 de solis substan

2464 2167 1120 149 tiis singularibus,  univesales nihil

2466 2223 1233 161 aliud significant quam quamlibet substan

2461 2258 1473 180 tiam singularem. Idea ratio e habucta non obstant

2468 2341 1119 161 nom est.Cum enim dico Homini dico

2459 2406 1147 140 quodcunque subsistens rationale. At cum

2464 2458 1150 163 dico rationale; non subintelligo subsistens

2453 2516 1254 166 ideo rationale est adjunctum, homus substantia

2476 2599 1084 144 patet etiam hinc subsistens nons esse

2478 2643 1356 159 praedicatum quod aliquid diversum ab ipso

2473 2704 1409 164 includat. Item tot posse esse sub stantias singulares

2490 2780 1112 151 quo sunt diversae combinationes omnium

2471 2851 1121 149 attributorum compatibilium. Et hinc patet

2490 2922 1080 124 principium individuationis, de quo

2476 2958 1206 147 irritae habentur  multorum Scholasticorum

2478 3022 1165 149 concertationes. Titius est robustus, doctus

2483 3085 1226 151 pulcher, quinquagenarius sentiens, rationalis,

2495 3153 1148 142 conceptus ille autem ille ex quo omnia ista

2481 3217 1172 139 sequantur est conceptus substantiae ejus

3721 3246 115 95 nais

2481 3261 1265 151 conceptus autem cominis est conce ptus substantia

2483 3336 1099 132 rationalis cujusque, nempe quod Titio et

2478 3380 1566 162 cajo commune est, quatenus sunt substantiae et personaevel

2468 3449 1236 154 et an tenque rationales substantiae rationalis

2537 3517 1167 149 possimus etiam substantias singulures

2471 3581 1177 139 vocare res, et attributa modes vel certe

2483 3647 1160 151 attributorum concretorum abstracta, modos

2486 3720 1238 149 ita ignis erit res, calidum ejus attributum,

2488 3803 826 150 calor (abistratum) erit modus.

1472 2807 547 129 F peromnia simile est

3768 1153 422 94 F attributa diversa

358 4169 831 68 COMFREDVILHELM LEIBNIZ BIBLIOTHIER

4197 4174 464 68 Sionacuu: LNI a. 7C. 12171. 107

346 4240 845 68 NIEDERSACHSISCHE LANDESBIBLIOTHEN

2029 3722 137 73 An NV

2078 3764 292 128 inl. vii

4524 305 126 88 10Y

3736 3105 24 61 s

3802 3173 535 97 quae de eo dici possunt
