3864 2626
277 17 71 29 auoi

126 17 1709 73 f an licu que LR est un ressort, et qu ib est uttuche a un endivit

1850 29 28 43 a

427 62 410 70 comecela est dans se mode

125 58 1782 111 la piece 1H qu il soit plus test alta n il ne fant que ce soit une piere inflexibe

1052 116 865 73 nibre comme un collet mais qui pelem

115 126 919 84 a l'ensur de Hari allant a l'rutour de

475 186 56 45 cona

612 186 51 40 eap

1209 156 165 49 ligne druitu

39 223 90 55 han

144 167 1751 102 no un petit pent alter et venir sur liarbie, et estre tantost bien pres de

961 229 47 43 un

277 250 140 75 t

442 224 1405 101 la pitee tamolite unie iA tanA ponc faire entrer la

598 237 188 51 inde roue

220 277 1509 111 cheville piece LZ dans entre deux dens deta rove (10) Pro tantost,

1753 331 17 41 n

367 354 772 105 dit collet en sera impe eloigne

1152 350 726 89 por refires la dite pulee L

353 469 51 75 via

421 409 1500 110 saturellement i le Collet ss tiendra presse contre la none

1435 450 78 56 pot

65 465 1853 130 proche dela unie. H par son ressort, mais lors qued endvit estre separe

29 567 327 77 eloigne eeslarone

214 603 153 66 qquole un

379 533 1558 91 cela anivera parcequ une piece 1d de larber 1F entiant

536 606 97 46 avau

379 592 1497 103 un peu entre dens, et para obligera le seollet, dese

820 663 38 50 el

375 657 1516 103 retiver a vec: sa prece L2, ce qui arrivera un tempa que

411 709 1480 118 cacylindre lonno pg. doit recenoi un transport du

366 760 1504 141 edenta i par le mogen de lagiece u ri ix altactec

396 833 1498 129 an meme arbre, avec la piele f1D; mans la separation se fera

385 908 1457 101 un pen avant le transport. Aussi tost que lae trans port sera fait, ce qui

401 968 1444 85 arrivera presque en un menite collet se remeltraMis et la piece L

426 1021 852 84 rentrera dntre les dents de la roue (10)

1408 1013 506 73 il ne fant pas craindreq ue

384 1070 1526 78 dea colcet ne se remette asses tost, car aussi ben cependant il ny peut

427 1118 1426 84 tien arriver, et parce du un nonneaque transsivit actio ou

404 1165 1525 92 passit ne a n'arrivera pas si tost, eti lee larbre daillems

430 1226 1490 98 le cylindre d'ailleur puora l'arbre; a cause du resport qui les unit

415 1282 1499 89 dans, le creux Mais si celan estoit pas on poguvit faire que la

421 1334 1448 82 meme piece , on une autee (lois quelle est passe c) attudhec an

426 1390 1428 83 me vibrc ExF imaesticun pet plus vera 1F que, 1D n'est

434 1432 1423 88 veumtr oblige LR de vetoumen vers  it. x C est nonquo

424 1482 1461 97 ot faudve et que il sarbic  iC eF ful mene un per plus coia quo il

436 1550 728 83 pre fail, pour faire le trauesport

427 1623 1465 88 Ape Vvila  bointes les pieles expliquees, je viens

487 1683 1342 91 maintenant a n ft ex plication du mmonulment, a fin

426 1743 71 51 nat

447 1730 1066 116 quon ex puisse entendre l usage des pieres

739 1803 151 45 at. et

65 1413 319 70 en embarasser

33 1181 320 76 cela est effare non

46 1232 269 66 pas por est e

40 1277 305 62 a negligr, parc

43 1317 326 67 mai parecquit

39 1361 359 73 si est pas relessurre

72 1396 60 45 p

70 1457 243 71 lonurier.

299 2452 634 45 COTTFREDVVILHELM LEIBNIZ BIBLIOTHIE

3300 2450 313 54 Signatur: L H 42. 4. 1. 10)

300 2509 648 51 NIEDERSACHSISCHE LANDESBIBLIOTHER

2451 140 1388 93 ay en fin pris la peine, et j'ay eu la patienae de me remetta

3302 194 306 58 du temps passe

2438 211 1353 104 dans l'esprit ce que pavois pense sur le modelle de

2445 272 1373 98 la machine arethnetique perfsectidunee. Et j'en croy estre

2442 338 1375 95 venu abo ut a pres quelques heures d'attachement. Meme

2451 398 1377 105 ie croue avoir adjonte duclque peu de chose, mais qui suffit

2428 478 1415 95 a mon avis pourc lever tonute l'apparence des difficultes, qui

2433 555 438 81 semblvient rester.

2927 538 915 92 je verray si je me pourrau expliquem

2444 606 1398 104 asseque clirement, cq et je l'espere a equi

2448 666 1380 104 de Mous Olivier aumoins, parce qu'il est deja entre auparara

2420 738 1371 102 ndans la plus grande partie de mes peusces. Ie ne puis

2426 800 1388 111 pax luus envoyer commodement le modelle meme, mais

2444 859 1393 114 je luus envoye le dessem qui luy suffira avec l'explicatione

2466 907 1314 120 diautam que le modette aussi bien meme cyjouncte. I

2451 962 1386 113 ny a riendans le dessem qui ne soit dans le modelle, mais

2463 1018 1363 115 expli je ditay dans 'explicationus ce qui doit este

2420 1132 273 68 adjonte.

2455 1135 1365 103 il faut slimaginer Que le coste 1B2B3B est tomne du

2448 1194 1363 116 e de celuus qui fait alteri la machine. Que tout est

2444 1254 1379 99 connert excepte nbs endroit derato grandu rouleans creux P.4. qui

2436 1301 1338 111 portent les chiffres les chiffres qui doinuent paroistre les

2450 1350 1389 113 tones 1 G. 2G. 3G. zont celles qui donnent estre menees par

2447 1404 1393 119 les roves a dents inegales, qui ne parvissant pas icus non plusi

2448 1453 1363 124 que le reste de ce qui appertient a la multiplication, par ce

2435 1509 1400 127 que qu'il demeure tel qu'il estoit dans la premiere machine

2433 1555 1368 125 agmoius en substance, excepte, que les deux cornes ne servent

2448 1606 1337 127 plus. Cc memes roues 1G. 29. 36. ea marchant bult sont

2457 1650 1379 128 obligeesde lever un petit ressuit hi attache a un endroit

2433 1714 1363 115 immobile; ce pesit ressort retombant aussi tost, sert a

2431 1760 1256 121 tenir la rone G. ferme a l'endrot on elle a este menee.

2420 1807 1394 127 Mais pour expliquer plur distinctoment toutes les pieces, it

2419 1867 1404 125 fant considerer qu'il y a trois sortes d'arones se les. arbres AB

2414 1925 1391 132 les arbres et tes arbres EF. Les arbi es AB sont

2413 1991 1429 125 srois, scauoir A1B, 2A2B, 3A3D mais il en suffit choju

2442 2064 1353 106 celuus du milien 2A2B. dont l'explication dera aussi

2439 2116 1403 120 pomr les autres. Et pour cet effect on le voit mis a coste

2409 339 32 57 re

2409 1960 213 58 tte cu

1417 2186 313 52 camdnant

1959 2003 474 74 plus bas et les autr es Et, et

2018 1912 17 70 t

1970 1956 452 70 las arbres AB, sontime

1964 2043 361 68 places un peu an

1971 2094 134 63 dessus

3682 2229 34 82 s
