2376 4084
70 48 331 88 fait a Hauorer

47 106 309 82 15 de Iuillet

39 174 174 102 1677.

42 267 205 107 Leibuizue

448 58 366 92 Memoire

499 122 1232 113 touchant la Machine Arithmetique perfectionnee

903 52 880 100 Pour Monsicur Olivier

496 458 1848 106 ay en fin prisla perne, et pars eu la patience de me remettre clans l'esprib

499 537 1806 120 ce que pavois pense du temps passe sur te modelle dela Machine Arittimetique

510 633 1820 95 perfectionnee. Et j'en crois ertre venu abeut apres quelques heures d'attacte

517 703 1770 113 ment. Memes pecruor ad joute quetque peu de chose, mais qui scaffit a

508 789 1806 109 mon avis pour lever tonte l'apparence des difficultes, qui sembloiunt rester. de

515 864 1808 134 verray si je me pourray expliguer assez clairement, et je P'espere a l'egard de

499 952 1822 105 Mebis. Olivier au moins, pce qu il est de ja entre auparavant dancla

508 1091 567 59 mêmees, mais je luu envo

1111 1052 1174 105 exsenfees. De ne saixquac ans envye le deoseen

1554 1032 772 70 Pas tuus ehinoyer commodement le modelle

490 1141 1797 115 qui tais suffira anec l'explicition exp. il ny arien dans lade

1202 1116 121 54 essei

975 1191 125 56 desseim

2142 1123 152 63 modelle

496 1218 1805 122 quine soit dans le revelalte mais je diray clans 'explication ce qui doit

510 1304 370 100 estre adjoute.

2080 1320 184 82 l'homme

483 1365 1813 116 Ol faut s'imaginer que le coste 1B2B3B est tourne du cosbe de celaq qui

506 1456 1804 111 fait aller la machine: que tout est couuent excepte les endroitsdes gnrands

489 1558 1850 111 rouleaur creux p. g. qui parberit les chiffres lechise qui doiuvent parvist

501 1658 1825 104 les roues 1 G. 2GC 3G. sont celles qui doiuverit estre mences par les roues

473 1753 1834 114 a dents inegales, qui ne paroissent pas icis, non plus que le rette de ce qui

512 1858 1770 134 appartient a la multiplication, par ce qu il demeure tel qu' il ertait,

519 1919 32 70 s

512 1967 1820 111 dans la premiere machine, au moins en suibstance, excepte que les deux cor,

487 2048 1852 116 aes ne servent plus; lesmemes roues ,G. 2G. 3G. en marchant sont obligees de

512 2123 1836 127 lever chacune un pebit ressort altache a un endroit immobile et se pebit ressa

503 2225 1832 116 retombant aussi tost, sap a tenir laroue G. ferme a l'endroit on elle teste

1087 2205 156 66 set

510 2307 1813 136 menee. Mais pour expliguer plus distinctement toutes les pieces il faut con

503 2384 1836 141 siderer qu'ilya brois sortes) d'arbres, scavoir les arbres AB les arbres cd

506 2473 1831 120 et lec arbres eF. les arbres A D. sont plus bas et les autres eS, ed places un

506 2563 1835 109 seu au dessus. Les arbres AD sont trois, scauoir 1 A1 B, 2A2B, 30 3B. mais

508 2640 1831 116 il en suffit choisir celuy du milieu 2A2D. dont l'explication fera aussi pour les

1931 2631 127 68 servira

496 2720 1836 141 autres. Et pour cet effect on le noit mis a cosbe et a part . Deec le dit arbre

1783 2722 295 61 lans le desse

499 2786 1836 163 2 A2 D. porte premierement cleux pieces fermement attachees auditrate

499 2888 1831 136 Ssauoir la roue dentelee g ( qui est de dix dents, et qui doit estre menee

506 2988 1849 140 par la roue a dento inegales, comme je viens dle dire:) et la roue ou piece ron

494 3076 1832 134 de, et unie et sans dents, marquee de ,H et qui ert percee a fin que la

431 3151 1879 152 cheville LZ fichee clans le collet L R spue j' expligueras ey apres spuisse passer

512 3246 1804 127 traners et se mettre entre les dents dela roue (10) pour joindre fermement

515 3332 1813 128 Parbre 2A2D, au cylindre imnopque lors que le collet LR est proche de la

170 3437 492 107 imement attachees poceo on

70 3471 95 82 surte

36 3512 2315 113 me decuxpieces ferme nunt attachees, et quui sont mobiles anec luy scanoir la roue clenitelee marguet

683 3475 1656 96 run cylindre creux, et mobile a to du dit artre, scavoir imnoxus Et le dit cglindre probile port

510 3600 1786 111 de (10) et quia elix dents;  legrano rouleau creux marguè de p g qui

56 1570 428 95 les differents crayons

36 1760 432 109 trouuees a l'unaysi

29 608 365 59 A. on n'a pas eu le

34 648 401 73 loisir de faire le dessem

40 698 413 68 avec tonte l'exactitude

38 748 438 84 requise. C'est pompo

34 791 428 98 y aura quelques

45 855 402 88 freces qui ne serout

43 918 422 82 pas asserbien placees

36 966 422 86 un proportionnees.

27 1018 420 93 mnis ce quelques unes

31 1082 404 77 aussi repondront

27 1120 410 105 plustost au modelle

29 1186 404 89 qu'a la correction

40 1252 426 82 que 1 en ay fatte

56 1320 381 66 dans ce disconds.

40 1368 416 90 Mais il sera aise

45 1422 423 89 de suppletr a ces

47 1479 377 81 manquemens,

45 1511 436 97 tant en comparant

36 1619 392 84 d'une meme chose

35 1678 405 71 suiuant les memes

40 1724 386 86 lettres on marques

36 1826 401 88 bien qu'a l'autre

40 1889 428 91 endroit; que par

45 1951 431 68 le mogen Hu discours

43 2003 429 104 qui me sentbleasse,

49 2064 198 76 clair.

170 3956 410 53 OTTFREO MIHIEIMIEBIZ BIBUIOTTIEI

1781 3966 388 54 Signatur: LtI 42. 4. 1. (13I- 7

174 3990 400 62 NUIEDERSAENISSCHE LuOESSIBMOI
