4527 4224
213 75 943 140 Factum est autem nescio quo fato

79 157 1298 141 ut ego adhuc puer in has cogitationes inciderem,

91 232 1256 143 quae ut solent primae inclinationes, postea semper

98 283 1631 169 altissime infixae menti haesere. Duo  mihi pro fuere mirifice

124 359 1502 169 juverunt illuc duxere, quae unum quae tamen alioqui

89 403 1830 200 Fateor, ingenis plerum teneriis  ambigna, et saepius pluribus noxia esse solent

126 511 1268 164 noia esse;) primum, quod fere essem autodidactos,

91 542 1892 197 alterum quod quarerem nova in unaquaque scientia ut primum eam attingebam

91 633 1263 183 cum saepe ne communia quidem ejus elementa satis

1321 753 910 141 potius docentium quam argumentis recepta sunt

93 655 2054 222 percepissem. Itaque cum sed ita duo lucratus primum ne fascina animum inanibus et

110 708 2049 221 sum primam ne rebus pervulgatis; et qu dediscendis implerem, quae sola auto ritate

107 823 1225 186 tempus perderem, alterum, ut n nunquam

131 891 1185 190 qui tum demum quiescerem cum u atterum,

168 962 1073 169 alierum, ut ne ante quiescerem, quam ubi

110 1009 1176 187 curuue doctrinae fibras ac radices essem rimatus,

117 1084 1086 185 et ad principia illa ipsa pervenissent, unde

100 1149 1113 190 mihi proprio marte omniia. Quae tractabam,

112 1267 561 129 invenire liceret.

204 1283 1103 169 Cum ergo ab historia A g cunae lectioneq

91 1337 1188 174 autorum historiarum (qua ab infantia mire fueram

143 1417 1063 143 de lectatus) et a styli ligati cura, (quam ego

112 1483 1094 150 in prosa ligataque ea felicitate exercueram

124 1522 1185 167 ut vererentur praeceptores ne ad has delicias

122 1593 1344 176 obhraerescerem) traductus essem ad logicam et philosphiam,

110 1654 1246 188 tum ego ut primum aliquid in his rebus intelligere

117 1715 1185 190 coepi Di boni quam multas statim chimaeras

112 1781 1253 173 in meo cerebro natas chartis illevi  aut praeceptoribus

107 1842 1230 178 in exancitiis Inter alia objiciebam quas subinde

119 1917 1077 164 proponebam praeceptoribus mirantibus. Inter

114 1978 1047 159 alia dubitationem aliquando movebam de

112 2034 1117 160 praedicamentis. Dicebam enim quemadmodum

119 2065 1345 192 haberentur praedicamenta Notionum sim praedicamenta

126 2147 1143 180 seu classes notionum simplicium, ita debere

110 2215 1075 185 haberi novum praedicamentorum genus, in quo

107 2278 1115 164 et propositiones ipsae seu Termini complexi

107 2327 1261 183 ordine naturali dispositae haberentur. Huic objectioni

98 2410 1066 159 meae cum non satisfacerent Praeceptores

103 2468 1140 155 scilicet inmanabum  a demonstrationes tunc

119 2468 1906 218 nec percognoveram, et nesciebam hoc ipsum, quod ego desiderabam

124 2567 1204 171 oc ipsuus facere Geometras, qui propositiones

105 2614 1324 185 eo ordine collocant, quo una ex alia demonstratur.

105 2689 1152 171 itaque peritis quidem erat mea dubitatio; sed

114 2754 1146 172 cum ei non satisfacerent Praeceptores, ego

100 2806 1270 188 novitate cogitationis profecutue, moliebar

112 2891 1321 169 condere hujusmodi praedicamenta pro Terminorum

112 2952 1176 173 complexorum, seu propositionum. Cui studio

100 3017 1134 174 cum intentius incumberem, incidi necessario

98 3090 1206 162 in hanc cogitti contemplationem admitandam,

103 3146 1229 188 quod scilicet excogitari posset quoddam Alphabetum

117 3219 1260 160 cogitationum humanarum et quod haum literarum

112 3254 1382 200 hujus Alphabeti combinatione oma inveniri posset

143 3325 1215 187 et diju et vocabulorum ex ipsis factoum analysi

110 3405 1145 157 omnia et  inveniri et dijudicari possent.

103 3473 1138 176 Hoc ego deprehenso e morifice

124 3555 1164 143 exultavi, paerili quidem gaudio, nam tunc rei

157 3611 1185 155 magnitudinem, non satis capiebam. Sed postea

152 3670 1457 173 quanto majorem in rerum cognitione progressum feci ego

2334 61 1071 110 magis confirmatus sum in consilio rem

3168 117 30 70 in

2333 131 1119 127 tantam prosequendi. Forte tunc viginti

2332 213 1225 131 annos natus moliebar exercitium Academicum

2335 281 1147 150 itaque ascripsi dissertationem de

2337 363 1157 146 Arte combinatoria, quae postea libelli forma

2377 424 1098 150 publicata est, in qu anno 1666. in qua

2370 481 1124 133 mirabile hoc inventum publice proposui

2374 549 1005 138 Sed tamet Erpt quidem ea dissertatio

2358 589 1265 164 Est quidem ea dissertatio, qualis scribi potest potuit

2344 657 1112 147 a juvene nunc primum e schola prodeunte

3935 729 455 71 bantur, quod si cemni

2330 661 2098 204 et nullis adhuc scientiis realibus imbuto d (neque emimillis in locis mathematica extore

3968 755 404 85 pari et si parisiis

3982 800 441 80 exegissem pueritiam

2339 746 1221 171 duas tamen ob causas eam scripsisse non potnitet;

2367 896 195 73 primum

2604 804 1054 160 quod mirifice placuit, multis ingeniosissimis

3898 842 518 101 quemadmodum pascalius

3921 887 491 100 forte s maturius

2367 861 1127 169 viris deinde quod jam tunc in ea essera sin

3944 933 514 130 ipsas scientias auxissam

2358 931 1206 186 ostestatus orbi quid feri posse potem Nequis me

2351 994 1381 176 tatia inveni indicaverim orbi naliqua orbi fecerim

2363 1067 1143 186 inventi mei rationem, ne nunc primum

2370 1168 643 132 videar talia comminisci.

2539 1199 1830 199 res tantum Viros mirorhac tam ad tantam rem non accesisse

2365 1274 1528 204 in hanc rem non incidisse. Aristotelem Iuachimum tungium

2367 1363 1167 199 Germanum, et Reatum Cartesium Gallum.

2480 1452 1195 181 ur nemo mortalium, e quo hominum memeia

2344 1539 1190 195 quousque pertingit ho memoria  hominum

2356 1607 1154 157 monumentis conservata, rem tantam

2358 1666 1258 183 accesserit equidem saepe sum miratus;

2356 1745 1274 155 ordine enim ratiocinantibus, hujusmodi meditationes

2353 1813 1322 172 inter primas occurrere debebant, quemadmodum

2358 1877 1277 176 mihi contigit, qui in logica occupatus adhuc puer

2360 1947 1242 169 nondum physica aut moralia, aut mathenutica

2337 2015 1192 186 aut physica attigeram hue deveni ob hanc

2391 2088 1239 178 solaiu rationem, quod semper _ ultima rerum

2365 2128 1756 206 principia prima quaererem. Veram autem aberationis a jancia

2344 2208 1312 192 causam arbitior, quod homines ea tantum principia sunt

2367 2273 1218 198 plerumque arida et parum grata hominibus adeoque

2372 2339 1415 169 leviter gustata domittuntur. Quat tantum tamen

2374 2421 1268 167 Viros maxime miror ad tantam rem non accessisse,

2377 2503 1166 165 inventorem charecterum simensium,

2360 2569 1117 185 Aristotelem, cum erganum et metaphysica

2356 2632 1075 186 scriberet, ioachimum Jungium; et

2367 2701 1153 180 Renatum Cartesium. Aristoteles enim

2351 2757 1185 190 cum organon et Metaphysica scriberet

2339 2806 1495 216 logitationes notionum intima magno ingenio rimatus est.

2370 2895 1267 181 joachimus Jungius Lubecensis pancis vir est paucis

2370 2970 1157 174 notus etiam in ipsa Germania; era

2360 3022 1361 197 sed tanto fuit judicio tamque tate patente animi

2372 3177 401 96 et capacilate

2792 3106 751 134 animi, tam late patente,

2398 3177 1119 169 ut nescia an a quoquam mortalium, ipso

2370 3240 1276 188 etiam Cartesio non excepto, potuerit rectu

2384 3327 1162 167 expectari restauratio magna scientiarum

2393 3369 1237 190 si vir ille aut cognitus aut adjutus fuisset.

2379 3456 1185 176 Erat autem jam senex cum inciperet florere

2377 3520 1204 187 Cartesius, ut dolendum admodum sit nullam

2374 3606 1010 188 ipsis inter se notitiam intercessisse

321 4010 803 61 COTTFRIED VILFEIM LFIBRIIZ BIBLIOTTIEX

3944 4022 381 54 Signatr: LH4. S. 6. 121. 12

309 4080 812 61 NIEDERSACNSISCHE LANDESBIBLIOTHEK

3438 3583 552 180 quod ad Cartesimu
