2480 4225
231 49 60 108 g

817 39 904 113 has scientias satis perfecte tradere

239 103 1045 134 voniam vero adep

89 208 1367 122 deducece  majus est opus, nobis tempore

70 288 1364 143 inprimis utendum est; ideo consilium esse

75 382 1303 127 meum est; ut opere inter multos partito

77 462 1280 115 quam maturrime licet delineationem ejus

82 518 1334 167 qualemcunque  quamprimum formemus. Quae sit

93 593 1231 144 caeterorum basis augerique et poliri et

79 647 1269 176 ad j indies queat, et gradus esse possit

89 751 1183 136 ad majora. Nec video quid vident

72 814 1250 150 vetet a viginti viris eruditis absolvi tale

56 901 1303 152 quid intra biennium, quod certum sit ab uno

61 969 1580 157 intra decennium i praestari posse; qui sufficientem

54 1035 1540 201 latene anti rerum notitiam habeat.

305 1152 1132 157 Sed eum mist unusquisque preterea

82 1232 1413 178 multas soleat habere cogita meditationes

72 1363 303 113 et inventa

873 1380 108 89 constat

225 1394 1374 169 Quoniam vero dubium nullum est, viros varia

39 1485 1323 167 doctrima et veritatis amore praestantes, multa

61 1549 1301 192 habere solere cogitata  praeclana, sparsa e licet

44 1619 1280 178 et varia, quae tamen mirisi nec in uniusscientiae

42 1685 1315 204 cerpus coeuntia quae fer magno re  plerumque

39 1736 1377 212 magna reipublicae jactura  interire solent,

49 1793 1510 225 ea cum ea cum mirifica ea ut in chartam conjiciant

33 1830 1862 265 communicentqu inelabsrata licet utcunque inelaborata, atque inconaerentia

56 1950 1238 211 mirifices totum hoc institutum juvabune

180 2131 75 75 sim

239 2037 989 190 glo riae velificabuntur, quam cuique

56 2147 131 118 naeque

58 2117 1186 223 ex inventis suis societas summa fide summ

65 2222 928 219 sartam rectamque praestabit.

1613 1145 693 63 excuriesis e ddum qui

1763 1150 606 115 veritatemamant.

1773 1220 606 110 ac res profundius con-

1780 1288 225 115 Siderantb

1540 1488 493 114 fvel experimenta

1895 4098 397 56 Signatur: LH 4, S. T. MIII. Ot

2222 3740 37 179 b
