2336 4072
49 33 1064 136 solverit, uti semperfacile semper calculo

45 110 1258 134 solvi potest, et postea  invendet casum langentium

61 165 1263 138 esse solummodo specialem cum scilicet datamnea recta

79 242 602 126 est mlaima seu punctum.

124 273 1148 161 Quando resto per methodum Epagogicam

72 359 1168 134 reducimus problema unum ad aliud vel reducimus

63 416 1249 149 ad simplex problema simplicissimum, hoc est ad postulatum

65 479 1048 147 vel ad problema quod rursus reduci porro potost

76 547 1044 136 jndicio opus est, unde colligi posset problema ad quod

76 622 661 124 rem reduximus esse priore facilius

106 631 1039 149 Si duorum problematum ex se in vicem, pendentium unum

67 687 1082 147 appe tale sit, ut ex eo appareat possibolitas aut impossibi

81 735 1062 129 litas, ex altero vero non appareat, tunc illud est simpliciuus

108 773 1030 154 Contra tamen: si problema habeat data abundantia, facilius

61 884 330 93 est soluta et g

430 832 679 115 ubilari potest an sit possibile, seu an

70 909 602 120 data superflua sibi non contradicant

133 909 1014 151 si movum problematum alterum habeat relationes ingredien

65 977 1082 140 tia eodem modo _ sese habentia, alterum diversa, quaeritur utum

67 1011 1082 163 sit facilius. Sane in homveoptotis difficile est eligere, abtump

74 1060 1057 157 est in illis quasiralundantim quaedam, cum idem diversis riis quaero

149 1099 1025 161 sit in etptis alloeoptotis ipsa natura videtur exhibere

95 1257 133 55 quod i

192 1174 1003 158 n problema pauciorum casuum, aut in quibus plures casus sunt

79 1266 595 125 inter se coinidentus est facilius.

147 3949 421 86 coracomoramcur onoront

1663 3952 473 61 Sionatur: L HI 4, 6. 12a c. N1O1-50

531 3967 64 50 Eset
