2491 4154
90 94 1438 180 faire plus t fort que celuqu dela menec, il faudiroit que

52 152 1506 187 e ressorts x H Vune soit plus fort que celuus de toutes les antres

60 221 1530 189 a la fous, et parconsequent e ressorts decaroient decioistre

85 297 1434 176 eu progression un peu mondre que geometrique double, ce

94 360 1392 182 qui servit difficile, et meme le premder, denuvit estre

103 489 494 115 d'une Grande force.

244 489 1235 168 aque pense a pluscenis remedes pour obvier a cet

106 565 1415 178 inconvenient, on estoit, De f procurer la communention

113 632 1447 161 et de faire mener par le mogen d'une petite vis sans fun EF

106 699 1348 147 interposee eatie les deux nones 1d1C et 2d2C. _ da

110 750 1342 173 posant la vis Esur un arbre a part aver une pehte rouela +

99 807 1385 171 oi 5 dens, et donuant autant a la piere Id, qui en rencontrant

96 853 1473 190 laroue it lavis men la feroit aclever son tour, et par consequent

87 927 1443 173 une deut dela rone 2d2C avammeroit en meÌ‚me tempe.

96 980 1416 173 et en ce cas ce qui mene ne pourroit

96 1045 1427 180 estre repelle on ramene lugmeme car une vis sans

126 1107 1441 173 fin peut mecer et ne mene pas. Et cette maniere

117 1174 1408 182 servit tres parfaite, et renssiroit dans l'addition et

85 1246 1420 170 multiplication aussi, bien que dans la soabstraction et

103 1306 1406 184 division, esC est a dire tant en_ tournant en avant

113 1370 1371 190 qu en arriere. Mi cel effecte il fulidibit Mais

115 1449 1380 147 comme la vis avec son arbre doit estre perticale pour

102 1497 1340 176 cominer honzoulatement et faire avancer une dens

147 1571 1328 157 dela roue 2C. il faudra que la  petite

138 1622 1385 175 roue ait des ailes obliques eomme celles des moulius

110 1680 1427 186 a vent, a fin que les dens de id l fassent toumer

110 1751 1413 169 en cglissant contre ces dens. et cette practique me

120 1809 1399 177 parvist ingeniense. et cela reussit ero toumant a divit on

124 1876 1404 173 a grache mais comme aiusi le mouuement dela

126 1943 1379 168 de 2c deviendibit contraire du monnement id. il faudiont

136 2005 1406 162 inter poser anissi une none entre 1A et 2A. ac bien les

122 2051 1387 166 Caissant vis ooisines on pruoit mener une vone conponnee

117 2086 1512 189 id menervit une toue communeÌe dout les dens fussent horigaritales

120 2148 1516 171 avec l'arbre, et  la roue verticale, et cete roue conronnee

147 2203 1471 178 meneroit une rone  est estvileeF dont larone

140 2263 1436 176 et les deus fussent horizontales et la vis EF Demenigivit

129 2413 293 84 verticale

549 2310 1101 166 il in y a qu'une difficulte dans cete maniere

133 2381 1462 187 C est que les dens de 2C aurvient de la peine a pesser

138 2450 1517 183 aupres de la vis, sans la reacontrer, ce qu'elles deuurorent

163 2513 1483 168 prurtunt faire quand elles inen deivent pas estre menees.

156 2570 1473 164 il est difficile dq homedier, et re nequas pas le moym, a monis

90 2635 1692 171 que de farie que tont l'arbre EF approche quand le temps de menerarrive

92 2711 1175 148 et recule aillears, ce qui est asser difficile

256 2746 1477 171 est pruquoue je tiensla voge svivaite bremplus nisec d

115 2815 1812 171 Andessus des nones c. il q a une regle GH. avec des petites pieces L

96 2877 1589 169 dens pieces precisement andestr dessus des dites lones et Ces iones Cd

99 2926 1674 171 amunt ontreles dens Morizontales sasdites, di antres verticales plus petites et e

113 2967 1837 173 plus grand nombres eu soit que de ces deas verticales passant an dessous de sa piete L

110 3030 1759 161 In leve et lafusse ceder, pour se faire passage. Mais la dite piere L. pounant

117 3078 1822 171 obeir d'un coste seulement empechera lehecmlement, et la hone porte iiffie cd

120 3133 1793 176 he pourra aller eu arriere ny estre, re ponssee ou ramenee par la suivante.

92 3184 1856 185 Mais  la Regle qui sert pourla Multiplication et Addition ac scamoit

101 3240 1835 187 tervir pour la sonstractione division, et alors ilfandra anvir une autre reigre

92 3297 1904 185 aupres de la regle Gh, la quelle on fera avcuuer en sa place dont les

117 3344 1898 193 pieces L obeiront et resisteront des costes Contraires,  auo costes

1170 3417 855 111 Quand on ostera ces deux regles

103 3482 765 118 des pieces L precedentes.

143 3477 1844 164 pocconone de tonte la machine sera Troublee, et elle ne nira

145 3540 1900 177 jamais bien, et il ne sera pas aise ode trouver ce qui manque, cest

133 3616 1944 175 pour quoque cifun detemir la machine scerete, le coffie on on leatermervio

163 3673 2041 178 pourvillestre fait en sorte qu il oste les regles de lent place, los quon

173 3733 2029 174 l'onure, et celluus qui semible see sga et les fasse alter a un endivitont

521 3849 1722 122 mnis olterver qua le dangettent des certes on quelquidet quolques pietes qui les d.

2156 2637 76 95 esta

2107 2737 157 73 d

2063 2767 194 90 EC2E

2061 2859 176 78 eet El

2153 2951 28 139 s

2167 3071 70 60 d.

2103 3302 48 108 es

2243 3512 35 106 d

2211 3623 51 65 cd

173 4027 441 48 COTTFBED MIHIEIM LEIBIIZ BIBVIOTIEX

1874 4027 425 62 Signatur: LII 42. 4. 1. 1821. 41V

180 4057 401 60 ur DEesACtiSBCINE laOISOISIOTI
