2391 4083
449 192 1851 121 port, qui fera que ce sera la mume chote a ceb egard comme si l'arbre estoit

446 294 1895 105 immobile et en repos. Et il n'importe point, s ert encor oblige de donner

1463 254 465 81 si lecelindre Imnopa

446 385 1870 104 le même transpore en même temps au cylindre suimant et s il y a en

1928 365 52 61 a

442 460 1865 104 anoit jus qu'a douze ou 30 desuite, ce ne seroit pas plus difficile, cartous

449 530 1867 121 ces transports commencent et finissent ensemble les pieces ertant deja prestes a se

453 626 1867 93 toucher, immediatement anant le transport; et lune ne pouuant marcher pas que

2132 601 82 54 san

455 691 1879 111 quubes les autres marchent. et pourlaforce desupposem ouce t'homme qui tourne

460 771 1881 104 en a asser, pour ex faire aller encor um bien plus grand nombre de preces) si le

467 846 1885 111 cylindre lmnopq. ne recoit seoint detransport du precedent et si son arbre 2A2D ert engage

467 934 1876 98 dans le grand mouuement Parbre et ce cylindre iront ensemble necessairement, parce

469 986 1876 109 que teves lecylindre est uni a son arbre parte mopen dela cheville LE toutes

474 1066 1869 115 les fois, qu'il ne recoit point de transpors et par consequent il ira anec P'arbre

1492 1057 193 52 aigue cde

478 1140 1844 118 soit quu'il clonne encor un transport au cylindre suivant (qui sera sans donte

474 1224 1799 134 obligef de le receuvor) ot qu'il ne luy donne point: en quel cas toute la

476 1311 1874 133 dlifficulte cetse cl'ellemême. Commeaussi clani lecas oule eyylindre _

471 1406 1881 143 se ub ne recoit poipt de trans port etsonarbre n'estpas engage non

485 1492 1867 157 plus clans le grand mouvement, caralors le cylindre anecsonarbre seront en

487 1610 867 143 repos, et sans action ny passion.

478 1687 1847 161 Voila tout ce que je croy necessaire de dire pour entendre les preces

489 1789 1829 141 ee leur usage. J'adjoute seulement les remurques sicirantes. que M.

489 1875 1820 152 eliuier soit fuire marcte ffictibnunt les trancgrants avan que de

499 1982 1855 113 venor aux autres choses dela machine: que toubes les pieces doiuent servir

503 2061 1856 137 egalement soit que l'on tourne ou rebourne. Ce qui ne serapas difficile

501 2154 1846 134 par les voyes Tubeites. Eu il tache en travaillant dlese remettre dans

503 2247 1858 137 lesprit plusieurs remargues que nous pouuons anoi faites sur lecletait

503 2349 1840 128 des autres parties delamactine ge ne parte pas de P'addition partemoyen

514 2442 1836 118 des touches, parce qqeit en est atsez informe: Nydes preces necessarres

530 2540 1822 123 paur la multiplication perce cqeit r'va quasi rien a charger si non

548 2624 1820 120 a l'egard dela commodite ou de labeante. Al est bon que les dents

548 2717 1820 118 inegales ayent. cles differences un peu notables a fin que le moinore

546 2812 1742 109 all detraguement ne fate d'abord manguer lamachine car il

560 2894 1796 122 semble quia present les falibes ne pourreient venir que de cela.

562 2971 1767 145 Al se depechera autant qu'il luy sera possible parce que ce sera

562 3080 1772 125 son propre arantage, s it y a quelque chose de douteux il fera bien

800 3148 261 75 de bounehieu

562 3175 1804 125 de mel ecrire et s expliquer parcles paroles, et parum peu dle figure

571 3268 1788 111 comnii il pourra, car fe tachercus ele devirer ce qloit voudra dire et

553 3348 1808 138 delux satisfaire sur toutes les difficulter qui pourront naistre

163 3960 431 45 COFTFREO LUTIEIM LEIBTIZ BIBLIOTIIEE

1792 3960 388 59 Signatur: LHI 42. 4. 1. 1161.8

165 3992 422 59 NEOENSACHSISCNE LxIOESBIBIIOTE
