2506 4237
138 84 1823 156 Quoniam autem ris maxime in conspectu sunt et velut in Tabula apparent

77 131 2042 191 cum nnde et simpliciter proponuntur,  exutae omni superfluai, ideo

70 244 1298 142 conscribenda erit haec Encyclopedia per more mathematico

84 308 1176 162 per propositiones accurate et nervose conceptas,

84 364 1206 177 quibus tame scholia subjieere libebit illustrandi causa,

87 449 1161 146 in quibus major erit sriendi exspatiandi libertas.

101 491 1239 184 Certum est enim non mathematica tantum, sed et alia

98 557 1430 179 omnia por theses quasdam sive enuntiatioes tractari posse.

204 647 1308 186 Pasitiones illae disponendae sunt ordine inventionis,

94 717 1557 175 eo nimirum quo  una ex alia a inveniri sive cognosci simul et

94 800 1274 174 sive quod eodem redit demonstrari potest; incipiendo

98 863 1265 177 a simplicioribus atque inde ad compositas progrediendo

105 943 1223 175 quanquam enim aliu vando casu contingere possit,

2034 960 387 103 emplicitate sermo

94 1009 1177 184 ut quae sua natura sunt difficiliora, fcilius

94 1049 1363 210 prius inveniantur quam alia multo faciliora; id tamen

1618 1108 796 153 quarum distinguendi gradus; sed;

103 1023 2320 292 non contingit, si quis naturali ordine a simplicibus cognitionibus (neque enim dererum sed cognitiodum est

94 1195 1085 193 ad compositas ad ascendendo progrediatus

148 1181 2280 299 Quaerendae sunt quoad ejus fieri potest propositiones plarumque verae , ii i i eri o u i it i i i ibenda

87 1337 1366 197 Universalis, et c su ex universalibus illae praeferendae

113 1393 1434 212 sunt, quae sunt subjecto reciprocae, illarum enim maxime

117 1452 1531 212 slvam usus est in analysi, cum ea quae universales quidem

105 1497 1901 226 non tamen reciprocae sunt fmt in synthesioisolummodo fere locum

103 1572 1856 226 habeant. Et hsuet huc pertinent illae leges qu philosophandi , quas

103 1675 1390 198 tulit Aristoteles, et Ramistae olim  inculcabant.

204 1737 1350 195 Propositiones in una quaque. cientia ert vel principia

94 1845 1338 174 vel conclusiones. Principia sunt vel definitiones,

94 1911 1250 167 vel Axiomata vel Hypotheses, nam si ex quibus

82 1979 1309 184 Definitiones per se quidem sunt arbitrariae usui tamen

82 2054 1201 165 alcommodari et inprimis inter socios recipi dabent

1012 2024 1366 160 dequo estea nc a diversis diversimode sumta in toto

58 2134 945 153 commini sociorum consensu probari. debent

1055 2167 92 62 e

1497 2083 481 87 mata sunt, quae

673 2205 415 78 manifestis habent

358 2264 440 104 rata ex term

970 2252 68 50 con

1135 2094 1246 168 iu  io atarte ma

1771 2177 148 99 es

56 2259 469 97 ssu

567 2215 1182 171 magnum habent usum, successuque ac conformitate

65 2306 1458 196 conclusionum aliunde notarum ex ipsis pendentiam firmantur;

61 2372 1363 186 nondum tamen a nobis demonstrari satis exacte possunt,

840 2438 719 137 phaenamena sunt propositiones

63 2504 610 127 ideoque interim assumuntur.

63 2509 1338 183 quae per experientiam probantur, qua sngre. sed

70 2558 1512 207 si experientia sit factu facilis aut a nobis ipsis facta non sit

49 2643 1347 188 non sit, testibus protunda est. Et ab experimentis dubiis

54 2692 1626 226 abstinendum, nisi cum magni sunt momenti, et tunc admonendum est)

143 2781 1785 213 Conclusiones sunt vel observationes vel theoremata vel problemata

37 2885 1439 186 cibservationes fiunt per solam inductionem ex phaenomenis

35 2968 1519 195 Theorematu vero inveniuntur per ratiocinationem quibuscuque

58 3052 1383 175 pruncipiis, sed enunciant tantum quid sit verum.  at

91 3114 1194 186 problemata praeterea referunturr ad praxin

54 3191 1328 167 ubi notandum est, omnius tam denique ad problem caetera

47 3262 1314 177 dirigi debere ad problemata seu praxes vitae utiles.

214 3344 1331 172 Ordo positionum debet esse Mathematicus

40 3420 1516 195 Sed tamen diversus ab Enclidaeo. Nam Geometrae

56 3495 1465 198 Nam Geometrae accurate quidem sua demonstrant;

70 3577 1241 184 sed animum cogunt magis quam illustrant

91 3636 1355 182 in quo quidem admirationem sibi majorem pariunt

84 3721 1324 167 dum invito Lectori assensum extorquent, eumque

89 3794 1536 189 arte improvisa circumveniunt, sed memoriae atque ingenio

1570 536 203 85 distincte

1636 1854 495 99 F vel Phaenomena.

171 4107 450 49 GOTTFTEOMMILHEIM LEIBIUZ DIBLIOTTIEX

1938 4112 377 52 Signatur: LH4, S. 7. (31. 2

160 4140 459 61 UIEDERSACHISISCHIE MuPOESBOIOMEN

1671 2638 721 154 quaem fidei gradum habeant
