2534 4189
146 46 408 86 sic satis facit

149 88 412 100 xaminavi denuo, ann

183 144 373 109 qud contradicerem

1304 41 319 68 arta eap

889 55 1006 126 Arithmeticae ractenus inccuru

1945 87 97 80 e

919 125 1347 121 perfectissima. ad praestandum sed. id quod ea

908 173 1560 162 qu quam jas fie fleri curvnit praestatat quidemmelius

801 269 945 117 Rote: e malliplicatanis seu dentium inaequalium

808 367 270 91 a additionis;

1187 342 846 118 ciphrigerat ptausportationis

791 411 1160 119 C conus qui i in are  rotae additionis ita positus est, ut circa

803 479 1144 105 non possit gyrari, sed gistetur non nisi cum eo possit tamen

826 535 1123 95 recta ultrocitioqus moveri in axe ac, et regulanter quidem

803 581 1137 96 ab elateriolo quodam suo propulsus versus V in Pe unum

775 630 1218 93 ex decenrets foramiuibus inseratur, et ita connectat a cum v.

554 670 1502 123 sed tempore transporitationis repelliturhic conus versus a, et x liberatur ab a

528 721 1437 140 Nec nisi exiguo elateriolo axi ac contrectitur, quod Elateriolum

358 805 776 121 cedens transportationem non impedit,

449 835 1586 154 Deconomia operationis haec est: rota mulciplicationis re circumagib rotam

347 886 1690 154 additionis ia haec (regulanter) secum agit rotam ctphrigeram v, (connestente convie)

335 947 1621 151 donec en absolvat circuctam quo facto bradrolum 1g tangens dentem rota

337 1003 1610 146 transportationis ex. liberabit etale rium tensum quod tet, quia Elateriam nonmine

328 1035 1637 182 agumen dentis p est rotae p est in Elaterii apit apicis elateri ie foveolat unde uti

335 1103 1681 158 dimovetur, apexille vi inter dentem p nntinus absolvit propussionem, quam ju

333 1161 1607 153 coeperat, e ope alterius dentis rotae p propellit 2V, sine 2d; quia scilicet

305 1210 1653 156 vi ictus istam 2V prius libersit repulso cono 2c) liberavit a 2a, quanquam

244 1266 1689 151 adhuc Elateriolo nonnihit connectatur cum 2a cdi u  es usus ut

298 1314 1695 175 quia semper ode cujus etaterioli in axe rarc plautati hc et in dentes rotae rt

281 1375 1728 167 inserti hic est usus, ut licet roterim ut nihil plane  propulsio celer ipsius 2V

281 1424 1873 172 a Ex orta turbet motum ipsius 2V quem simul halerere etiam debet cum rarota 2

288 1489 1896 170 dum  forte a sua rota multiplicationis re, eodem tempore movetui. Nam ictus a ip

300 1547 1570 168 ittu celeritas facit, ut longe ante absolutam dentis unius in Za pronessum

246 1575 1731 193 recipiat ra  2Y promessum unius dentis a p et licet ducante illo progressu

270 1638 1813 195 nonnihit etum per ipsius 28 et lib eratione a 2a nonnihil progrediatu et 2a

274 1698 1757 184 unde sequitur 2V a 2a minus quam spatio uno dentium iitervallo promoveri

274 1743 1753 195 quia samen differentia est exigua, minor scilicet dimidio rentis intervater,

281 1805 1633 184 tanta scilicet, quantus est progressus ipsius ra tam  exigno tempore quo

260 1859 1654 207 ictus factus est, et vero differentia minor dimidia semper corrigitur

300 1922 1586 195 ab Elateriolo, hinc eares nihil turbat. Quod inventum est

996 1975 890 140 pono similiter 2 eodem tempore

298 2050 656 128 summe notandum. H

277 2045 1823 196 si opus Transporbationem efficere posset in 3V accertiepove ope 27,

1003 2080 1142 156 P percatiens 2. salis fortis est ad 2B ope 27 a suo elastio

279 2171 708 125 et ita pono. Nam ictus ipsius

367 2152 1584 205 evet jam mature retendi Elaterium majus 191f. quod non potest

232 2206 1784 221 fieri in hoc ipso motue hujus ipsius dentum intervalli seu decimae partis ipsius 1x

242 2294 1660 203 quo facta est transportatio, quoniam ita sequens EY aliquanto etion

270 2355 1737 190 eberet relendiere statim 29rf, ipso ictu cum tnsportatione ipsius 2V,

230 2420 1754 198 ab ip accepta, rursus nova thrunsportatio transore debet in 3. ita enim

263 2478 1616 188 ictu suo deberet retendere 2p, quod facere non potest. Itaque

218 2527 1687 221 su sufficil istam retensionem feripaulo post, ubi notandum

237 2608 1679 203 his et ultra in Y vl deber esse lingulas retendentes, quae

232 2655 1708 195 n sunt pautolante vel post in sed non in eiuplano; alioqui et dentes

265 2720 1689 202 rotae ep quibus  retenditur, respondentes linsulis relendentibus, etiam

235 2778 1705 212 mon sunt in eodem planocum culibus rotap quibus detenditur ab in

253 2825 1831 219 sed n cum dentibus deter  quibus detenditur, e lingula  retendentes

256 2904 1644 181 cum dentibus quibis retenditur sunt in eodum plano, alioqui alterum

246 2953 1680 181 in alterum illideretur debent autem ita esse disposita ut quando

242 2976 2063 235 elastium est lensum (Afi incidere possit 1y in dentes sibi respondentes rotae p. ad detendendum

260 3053 1801 207 quando vero esastium est caxitur, tunc incidere possit lingula in dentes

205 3178 964 152 respondentes rotae pad reteradendum

337 3169 1542 205 quaeritur quam mature fieci debeat retensio aquidem

228 3234 1733 210 a nullus esset regressae sufficeret retendi rota elastrum rotae ix, antequam

246 3288 1747 207 ad hnc denuo crreurtum absolvat rota IV. Sed regressas facere potest

267 3367 1663 179 ut statim debeat feri retensio, auto quam ringula in inpriore

256 3434 1688 166 converso post absolutum intervallum transportans. Nam ponamus nuns

298 3462 1921 191 Iv esse neeae prodo ductam in 0. hli absel hoc fritis hujus scilicat e praesenti scilicet

265 3528 1698 169 dentis promotione; qua durante non potuit retendi Elastium ob rationem

277 3586 1721 167 panlo ante dictum. jam post hanc dentis promotionem latui fit regressus nno

281 3625 1861 173 ante quam vel unus ad huc dens promoveatur (quanqua rarus hic casus nec mognopere turbare

258 3681 1901 163 deberet quia aliter ei providerit manugorrigi potest malo tamen aobelegantiam, taliuabesse

179 3725 1886 159 Gyuanequi redcat es ad priorem locum debet facta esse recensio, ut in eo rectiens deum

177 3753 2047 182 detendat et gnitatem in sequenti 2V, auferat. Hoc non alia ratione commode feri posse ndeo, quam

221 3851 2087 139 linula cimper alitene iniulis extm plarum 1si) loi quanto brstitur sus, in debetque essen  esse

519 3793 1886 142 immadiali saquatur in, in lequatur inquam in motus antegrado, ut in motu rehogrado procedere possit

2012 1684 237 83 Ckonviatur

1968 1717 493 109 riiatur li cognectendu

2039 2036 99 70 i

2088 2054 196 96 ntiborm

2112 1675 72 37 st

1989 1789 456 72 V et a, opus elateriolo

2016 1826 266 75 quam ipsu. C, qui

2354 1826 77 124 ess

2005 1873 191 63 elatiroli

2002 1929 143 60 intiat,

2063 1950 338 72 pleat, ubde sempen re

2207 1931 47 61 vil

2315 1885 53 104 Eu

2103 2003 293 51 ollocat. preserti

2338 2038 35 93 n

2131 2113 288 76 licet emn elast

2172 2166 210 70 2 aeque

2102 2187 257 98 forte sit. nc

2124 2250 265 67 Elastrumum ad

2112 2285 303 84 tantem Totuactus

2119 2343 303 81 elastri est ipsi

2119 2387 270 82 Elastum 2X

2119 2436 256 70 taatum mado

2131 2478 272 81 pantum deber

2156 2527 196 58 imovero

2121 2571 273 70 Dumr ergo

2147 2611 205 83 feliciter

2145 2662 230 105 ospirant

2268 1490 177 50 smperque ipsum qu

2184 1563 277 89 pias aliud elateria

167 4061 459 48 COTTFREO MILTIEIMI LEIBIVZ BIBIIOTHIEX

1921 4061 424 55 Signatur: LH 42, 4. 1. 1831. 45

188 4091 426 58 MEDERSACtISISCIIE LVOESOISIOTE

2201 3879 109 100 1h

2201 3898 73 81 An
