4858 4272
3048 56 1729 119 Carnifex qui carnes ex homine facit, id est, occidit, facit, ut corpus vivum fiat.

3039 142 1669 111 M. vel est minister justitiae sceleratos morte, qua judex eos dignos censet, afficiens.

3046 253 1764 126 carpere sensim, leniter et molliter auferre M. cum levicula quadam alterius haesione

3043 329 926 117 vel molli ejus contrectatione aliquid capere.

3041 441 1771 123 Cartilago pars similaris corporis ex spermate genita, quae tamen neque os est neqe caro, sed quodda

3041 517 1774 111 intermedium, qualis est tota auris, et extremae partes ossium motoriorum. J. L est ejusdem fe

3039 579 1790 111 cum ossibus naturae, mollioris tamen, qua partes motui destinatae firmantur et ossa cum molliori

3041 640 1486 109 bus partibus junguntur L. P. vel obficula tenniora, qualia sunt in naribus.

3046 749 1781 143 Carus quod vili contrarium est J. L qui amatur atque magni aestimatur ob bonum aliquod, quo

3048 833 482 94 ipsi imexistere putatur.

3041 927 1795 138 Casa a cavatione,; quod antiqui caratas rupes intrabitarent, vel a facile cadendo J. L. domus vi

3034 999 515 90 lis hominum agrestium.

3034 1086 1800 150 Casens lac vetustum et coactum ac concretum. M. vel est massa facta ex lacte per coagi

3039 1165 1030 104 lationem densata, atque postea per aërem exsiccata.

3034 1274 1767 140 Costellum parvum castrum vel parvum oppidum J. L. oppidulum muro cinctum, omnis

3034 1355 1788 125 locus munitus, in quo tuto habitamus. Castella n dicebantur in acie propugnacul

3043 1416 1736 140 quae in procincta portabantur ex asseribus sive alia consimili materia fabricata, apta

3041 1492 1764 133 ad castra metandum M. vel est munimentum parvum, quod paucos recipit homines, per e

3036 1559 314 109 defendi potest

3041 1649 1771 157 Castigare ligno caedere seu fuste M. vel peccantem emendationis causa dolore atque molestia

3043 1725 891 109 quadam afficere, quasi ad castitatem instigare.

3039 1822 1161 102 Castrare virilia amputare J. L testiculis aliquem privare.

3034 1920 1781 128 Castus est purus atque integer, et non modo a luxuria sed etiam ab avaritia et sordibus alienus P. vel

3027 1988 1159 102 qui abhorret ab illicito concubitu, licito autem modice utitur.

3027 2088 1802 114 Casus quod fortuito hominibus accidit J. L causa per accidens eorum, quae suscipiuntur citra ele

3036 2226 1772 163 Catalogus oratio sive sermo alicujus rei ordinem ac dispositionem continens J. L vel indicatio, qu

3027 2318 779 102 nam res ad praesentem ordinem spectent.

3029 2411 1791 126 Catena vinculum ferreum, quo vel servos vel captivos vel animalia irretimus, ne effugiant J. L

3027 2473 1800 125 catena, quod canem teneat, vel capiendo teneat, vel captivos teneat H est compositio multorum ci

3027 2532 1800 145 culorum nonnunquam aliquanto contortorum, ex metallo factorum ad constringendum aliquid

3027 2627 1790 149 Catulus minor vel jumios canis. usu postea non solum canum sed omnium animalium catuli

3029 2707 280 76 vocontur. H.

3022 2781 1491 116 Caudex contextus plurium tabularum, quae apfabantur cera ad scribendum H ex

4625 2833 199 81 exquo cort

3027 2845 1793 140 extrabitur, stirps arboris J. L inferior pahs arborio a radice incipiens et a amos silenum

3032 2942 1754 148 Cautus prudens et quisibi probe et naegutis suis scit cavere. J. L. vel qui res suas ita agit, ut

3027 3023 1227 102 imprudentiae accusari nequeat, vel qui res multo cum consitio agit

3027 3101 1778 152 Carulis in quod alimentum defertur vel, quod supra terram simples assurgit M est herbarum et

3022 3158 1795 186 oterum medius frutex, qui vulgo thyrsus dicitur, quod a terra sursum conscendit M ex Isid. ea he

3020 3237 1016 99 bae pars, unide se producunt folia ant ramuscali. J. L

3015 3322 1788 173 Caverna concavitas quaedam terrae vacua atque obscura J. L vel est terrae pars ex cavata aliquam

3024 3403 936 107 to major, ubi quis latere et sibi cavere potest. D

3015 3491 1797 163 Celebritas est tum hominum honoratiorum coctus, tum dignatio ipsa atque honor. J. L sunt vel fre

3020 3567 1795 166 quentes conventus in aliquo loco. vel est status, quando homines, quibus id convenit, multa de aliqui

3017 3624 644 99 laudabiliter dicunt ac sentiunt.

3017 3719 1803 130 Celeritas est animorum atque factorum, velocitas pedum et corporum. Celeritas est pennarum P vel est

3021 3794 725 109 motus propositi brevi tempore absolutio.

344 4044 866 61 COTTFRIEDVVILHEIMLEIBNIIZ BIBLIOTtIEX

4200 4053 460 71 Signatu. L HI 4. 70. 2. 1207.151

334 4122 879 62 NIEDERSACNSISCHELANDESBIBLIOTHEI
