2547 4298
341 28 1094 103 Consilium de Encyclopaedia nova

501 71 1118 127 conscribenda, methodo inventoria.

129 155 1101 117 saepe mecum cogitav homines multo

136 224 1068 127 quam sunt feliciores esse posse, si

117 296 1166 136 quae in potestate etiam in numerato haberent

126 367 1233 148 ut cum opus est uti possent; Nunc rescimus

136 444 1259 152 ipsi opes nostras scireq eandem esse sententiam

133 520 1233 141 magnorum virorum ausus sum proponere consilium

136 592 1240 141 aliquod unc vero opes nostras a nobis met

133 656 1322 153 ipsis ignarari, et qua congerimus vix postentasi

140 723 1171 158 non ipsis nobis sed posteri vix posteritati

136 847 303 112 post multa

138 926 1173 141 Saepe mem cogitavi homines multo quam

105 993 1371 153 sunt feliciores esse posse, si quae in potestate habent

112 1069 1285 148 etiam in numerato haberent, ut cum opus est

119 1143 1340 153 uti possent. Nunc vero nescimus ipsi opes nostras

117 1215 1397 162 similes Mercatori qui libros rationum nullos confecit,

124 1284 1352 167 aut Bibliothecae quae indice caret. Sed et ita lob

117 1363 1273 169 laburamus, ut non ipsi s nos, Sed et, uti nunc

126 1415 1568 199 agimus, posterita serae magis posteritati qu labora seris

1873 1523 93 74 sit

112 1518 1338 160 nepotibus fortasse  proderimus ipsi laborum

121 1552 2249 195 postrorum fructum, non capiequs; nam colligo quanquam verendum ne nimia multitudo

494 1688 88 57 u

786 1673 172 65 edium

1146 1654 110 58 s

1326 1623 372 86 ut et sobtmeli

83 1678 1290 167 senc sine fine disputamus, sine fine congerimus,

138 1745 1180 155 nunquam de raro aliquid demonstrando

131 1805 1245 160 terminamus aut repertorio quodam designamus

121 1838 1754 208 in repertorium referimus; vix unquam utimur labore nostra con

119 1934 1350 174 studiis nostris. Et verendum. est si sic pergimus ut ne

129 1948 2260 251 aliquando impossi immedicabile reddatur malum, et Astudiorum taedio barbaries reducatus

126 2098 1188 160 Cum nimia rerum librorumque multitudo omnem

112 2149 1297 186 delectus spem adimet, et solida ac profitura

109 2263 672 124 mole inanium obruentur

320 2297 1115 157 Et cum mihi trebra meditationes nonnulla

119 2361 1445 186 etiam inventa non conteunenda, dens egregiorum

109 2437 1393 172 magnorum Virorum applansus spe aliquam

105 2502 1385 189 rationem est vi jodicia spem aliquam fecissent

117 2609 1108 165 posse nonnitill sive consiniis sive, desideri

234 2693 1092 158 Qua ratione occurri posset tanto malo et

88 2774 1202 174 saepe meditatus sum, et egregios viros consului,

105 2853 1233 162 quorum aut colloquiis frui licuit, aut scriptis;

114 2874 1809 206 et cum tandem aliquod mihi viderer remedium invenisse deprehendisse

129 2987 1170 164 quod et maxime compendiosum, et efficax

145 3032 1310 191 et in privatorum aliquot  potestate esset

138 3101 1513 198 et sumtibus exiguis transigeretur; et ci praeterea

136 3206 1266 155 ipsam art Inveniendi artem aut nonnulla parm

1168 3273 205 74 arcana

143 3290 1008 138 explorata mihi debexisse viderea

121 3292 1575 215 quaedam artis Inventortae divino munere mihi obtigissent

124 3357 1985 217 consecutus viderer illustribus aadmodum speciminibus illustrium admodum speciminum

129 3447 1404 194 explerata experimento experiment experimento

129 3500 1581 198 comprobata quibus fidem ve quae ubi producam in publicum

114 3586 1381 193 spei majores non contemnendos fidejussores fortasse

143 3667 1261 186 didisse videbor; ideo ausus sum egrogios

169 3712 1620 206 viros aliquot praestantes doctrina et optima in rempublicam

172 3808 1433 185 voluntate praestante, ad communem operam invitare

1854 57 399 122 5 et lun. 1679.

2269 41 223 176 sihqua

167 4164 461 52 SOFTTREO NUTIEIMLEIBIUZ DIBLIOTTIEN

1959 4166 396 67 Signatur: LH 4. S. 7. III. I7

133 4197 504 60 IMFOERSACISISCINE LaOESBIBIIOMER

1940 3772 294 89 LH N, V.
