4824 4236
2921 122 1794 127 Aquipollentia potentia medietatis D est inter ea, quae eandem vim ac potestatem

2928 195 754 110 habent sive quae idem significant.

2926 308 1810 195 AEquivocus, aequivocum quando pluribus rebus eadem est appellatio H. vel quor aiquot di

2931 409 685 85 versas significationes admittit

2940 498 1698 151 AErugo est aeris rubigo, vel corruptio, quam patitur aes, quod homines in usut

4640 621 99 44 dum

4174 618 459 73 non convertunt.

2926 640 1808 162 AErumna labos onerosus M aegritudo laboriosa P carentia felicitatis, quam status noster

2942 734 909 92 requirit cum malorum perpessione conjuncta.

2931 816 1779 151 AErarium pecunia publica uno in loco condita B vel est locus, in quo publica pecunia

2940 896 1431 113 populi asservatur P. vel arca, in qua opes reipublicae reconduntur.

2931 997 1805 153 Astas est anni pars incipiens ab aequinoctio vernali H. Tempus, quo sol se magis exserit.

2938 1077 1805 132 vel pars anni, qua ob majorem solis aestum fruges matures cunt et in horrea colliguntur

2933 1183 1787 158 AEstus caloris magnitudo D item motus vehementia D vel est caloris magna intensii

2935 1327 1790 141 AEtas tempus vitae D. vel est dimensio vitae variata secundum concretionis mutatio.

2940 1412 1450 94 nem M ex Scal. cursus certus annorum, quos aliquis vivendo peregit

2933 1501 1799 127 AEter coeli et siderum substantia M. ultimus et a domiiciliis nostris altissimus, omn

2938 1579 1796 98 cingens et coërcens coeli complexus; extrema ora et determinatio mundi B. ex Ciierone

2942 1637 1677 113 vel est aër subtilior, supra crassiorem, qui orbem terrarum circumdat, elevatus.

2933 1755 1813 132 AEvum est immensum sine origine sine fine, quod eodem modo semper fuit semper futus

2942 1835 1806 115 rum est, neque ad quenquam nominum magis quam ad alterum pertinet B ex censorina Tem.

2940 1894 1036 111 pus perpetruum M. vel temporis longa duratio.

2940 2026 1608 141 Affectus est motus appetitus sensitivi ortus ex imaginatione boni vel mali

2945 2160 1803 165 Afferre, ut contiguum sit, portare D facere corporis aliqua parte rem in se recipiente, v

2942 2240 890 101 illa praesens sit eo loco, ubi antea non fuit.

2945 2350 1810 142 Affinitas, quae contrabitur proprie inter maritum duntaxat et agnatos uxoris, item u

2949 2426 1806 115 rem et agnatos mariti. H. ex Calvino. necessitudo ex costa proveniens omni carens sangui

2952 2480 1803 134 nis parentela M ex jure Canon. Vel est personarum proximitas ex justis nuptiis provenie

2957 2543 1801 130 M ex jure Civili. vel est inter unum conjugem et ejus consanguineos et alterius confu

2949 2602 314 101 consanguineos.

2952 2706 1824 160 Affligere injuriam alicui inferre male ipsum puniendo, ut tristitia i f afficiatu

2952 2791 1815 136 D ad terram tota vi prosternere B oppressum aliquem male multare atque dolore affic

2945 2849 1829 142 H. vel in aerumnam aliquem conjicere, id facere, quod dolores atque aegritudinem alteri erea

2942 2904 219 96 re potest.

2945 2993 1827 151 Ager terra frumento apta vel terra aratri patiens D locus in rure, quem colimus sive arand

2954 3056 1829 142 sivee conserendo B. ubi quid agitur fructus causa B. ex Varrone Vel portio terra ad id destina

2954 3139 645 94 ta, ut semen ei committatur.

2952 3242 1831 142 Agger lapidum aut terrae moles, quae fixis vallis aggeritur M vel agger media est stratu

2954 3320 1820 129 eminentia coaggeratis lapidibus M ex Placido in Glossis. vel cujus libet rei coacervatio, qua

2957 3388 1801 125 fossae aut valles impleri possunt. H. vel est multitudo terrae in unum locum congesta

2959 3459 784 99 ad incursionem aquarum avertendam.

2959 3605 1827 113 Aggredi incipere invadere D vel incipere circa rem quandam operari. vel accedere

2959 3680 1111 120 delonginquo P. est etiam sermane uti erga aliquem.

339 4014 861 59 COTTFRIEDNILHEIMLEIBRIIZ BIBLIOTHIEK

4169 4012 541 78 Sionatur: LtI a. 70. 2. 12241. 30 c

317 4087 886 64 NIEDERSACHSISCHELANDESBIBLIOTHEK
