4584 4266
1156 76 1090 149 Formae ipsae quoque  sunt vel completa

1154 158 1076 133 vel incompletae, possunt tamen formae

1147 246 1095 114 in completae omnes in unamadditae dare

1144 300 1145 143 formulam completam. Dantur et formarum

1149 362 1097 152 seu terminorum coefficientes (+ aliter

1156 436 1090 144 alias utor voce formae 1). Omnes

1166 507 1052 142 formeae duci possur formulae reduci

1168 578 1131 163 possunt ad simplices, seu non exalt atous

1166 661 1088 147 si loco potentiae ut a a, pro uno

1147 718 1130 161 a ponatur sumi ∞. et separatim

1137 798 1112 145 annoletur aequatio a aequ X. ita

1142 879 1097 128 enim per solam resolutionem

1149 938 1102 137 omnium aequationum simplicium

1147 997 1126 131 habebitur resuratio omnium aliarum.

1241 1061 1055 159 In resolutione problematum, habentur

1180 1149 1109 130 ratione determinationes, aequalitates

1121 1206 1163 152 rationes, aequationes squ relationes.

1159 1282 1057 140 Considerandum a quando et

1151 1348 1074 152 quomodo ex pluribus determinationibus

1166 1400 1116 147 possit veniri ad veram aequalitatem

873 1462 1407 173 ilem agendum ilem de mutatione analogiae in aequalita

1130 1542 666 135 tem et contra. item d

1201 1573 1060 159 Methodus solendi problema est vel synthe

1149 1632 1109 164 tica vel analytica. synt Utraque vel

1149 1694 1116 175 per saltum vel per gradum. Synthetica

1144 1775 1057 137 est cum alia problemata percurrimus et

1131 1832 1108 132 incidimus tandem in nostrum ̸ Analytica

1135 1872 1088 166 est cum nostio inchoantes

1135 1936 1095 170 regredimur ut perveniamus ad conditiones

1154 1988 1064 168 quae ad ipsum solvendum sufficiunt. per

1154 2045 1088 170 saltum cum nuspium noc haerentes ad

1142 2109 1090 168 primas quanquam ipse regressus sit

1163 2166 1119 170 saltem in partibus progressus seu synthesis

1151 2239 1079 154 fictitia respectu incognnti; idque in

1149 2287 1083 149 analysi per saltum. Cum ipsum oblema

1149 2336 1076 166 solvere ordimui nullis alis pacedentibus

1132 2388 1077 183 praesuppositis. Eodem modui et synthesi

1135 2464 1102 164 est cum cum per sultum sed per gradum

1144 2531 1095 154 Analysis est, cum problema propositum,

1170 2585 1058 147 revocamus ad facilius et hoc rursus

1137 2642 1091 161 ad facilius, et itio porro, donec venialu

1114 2718 964 142 ad quod est in potestate.

1194 2761 1064 170 Ad hunc analysin perturet solutio per loca

1142 2844 1095 146 cum scilicet incognitum debet inveniri

1151 2900 1084 154 repericti in duabus seriebus

864 2957 1387 162 vel locis eas eni earum enim terminus communis

1066 3021 1185 161 hut si cu vel intersectio dabit quaesitum

1218 3083 1024 149 Cum plures dantur a conditiones

1123 3159 1067 137 seu aequationes opus est reductionem

1142 3216 1112 137 ad unam; quam in rem utile erit Tabulas

1142 3282 1088 133 condi caclentumque instrtuc ut compendium

1135 3341 1102 145 fiat operationum. Contra vicissim opus

1156 3400 1057 143 est arte d a tabulis punam

1144 3448 1093 154 aequationem utititer dissuendi in plures

1112 3500 1097 152 constructionum causa. De problemate

1121 3562 1073 137 reducendo ad aliud facilius peculiarite

1125 3630 1072 128 meditandum est. Hoc enim nondum

1175 3675 1019 126 satis examinavi. Cum sit tamen inte

1142 3732 1081 109 potissima habendum. Usilissimum autem c

1173 3810 339 83 problematra

1483 3825 752 71 re ad completa pen aequicomposita

540 1798 545 126 vel combinaloria est

206 1906 825 117 F et huc pertinet Mettodus eundi

255 1957 830 152 a timplicibus ad composita problemata

2361 87 1101 123 In Magnitudinum Calculo conside

2363 158 1329 142 randa sunt Operationes et Usus ad problematu,

2341 255 1110 124 Operationesque finut  ud variis quantita

2348 315 1159 137 tum Operationes constant Algoribo

2337 395 1178 121 additione subtractione, Multiplicatione et

2333 455 1274 128 divisione, potentia et radice; Tabulatione et

2355 526 1252 142 Clave. Differentiis et summa serili diffecentia

2367 594 1176 150 et summa potentiae constrtutione et radicis

2351 658 1164 164 extractione. Seriei vel Tabulae

2367 746 1131 142 constructione, et clavis investigatione.

2408 803 1035 159 serici diffecentia et summa.

2351 879 1130 156 Et cum innumera supersint, ea his duobus

2341 936 1214 175 comprehendi possunt generatibus, data proprietate

2337 1019 1289 151 aliqua rei, invenire ejus genesin seu constructionem

2332 1085 1287 154 et data operalione olixa composita invenire

2339 1163 1090 147 operatione per gradus invenire operationem

3256 1218 185 97 Exhis

2355 1241 783 138 per saltum, seu compendia.

2344 1289 1118 159 patet operationes alias esse syntheses

2337 1369 1106 147 ut alditionem et subtractionem alias esse

2462 1424 1105 152 Exhippatet operationes alias esse syntheses

2320 1481 1195 154 ut additionem, multiplicationem;, potentiae vel

2348 1545 1169 156 formulae, constitationem radicis extractionem.

2353 1609 1171 149 seriei Tabulae constructionem; alias

2325 1687 1133 156 esseanalyses, nempe subtractionem,

2327 1760 1150 147 divisionem, extractionem radicum; inventionem

2325 1822 1159 173 genescos seu clavis; et quidem quoad licet

2332 1955 341 104 compendiosae.

2427 1952 997 154 Operationes, aliae fiunt actu ipso aliae

2322 2026 1079 163 fiunt per solam designationem, quae notat

2315 2095 1164 154 quod actu ipso fieri debeant, cum commode

2306 2170 1116 145 licebit aut commode licebit exempli gratia

3050 2237 412 99 a+b a signicas

2327 2310 1126 116 a debere multiplicari per a+b. at operatione

2308 2358 1081 135 actu ipso peracta fiet aa + ab. Et utile est

2315 2419 1114 138 saepe operatiines tantum designare,

2310 2481 1138 133 interdum enim in pro gressu continget, ut hoc

2310 2526 1107 147 ipsum aa + ab seu a + a iterum dividi

2315 2585 1088 145 debeat per a + b. quo facto redibit a, et

2320 2637 1071 176 proinde inutilis fuit tam multiplicatio

2310 2701 1091 157 actualis, quam divisio actualis ad eam

2313 2768 1000 149 iterum destruendam necessaria. inerd

2401 2827 1087 166 Interdum etiam operatio actu ipso facienda

2301 2903 1285 163 vel oin pro tempore vel omnino est impossibilis

2325 2971 1185 150 quod contragit  saltem in nostris characteribus

2332 3033 1254 159 etsi construendo exhiberi possit aut a natura jam

2301 3090 1230 161 exhibita sit. Ita  impossibile est subtrahi

2308 3175 1124 140 im nhil ad ad est, et tamen hoc in natura

2299 3225 1220 145 repraesentatur cum quis plus debet, quam habet

2313 3282 1225 152 in bonis: item numerum integrum impossibile est

2310 3360 1183 138 dro primitivum impossibile est dividi per alium.

2322 3412 1195 135 sed tum hoc ergo quo et tamen quod provenisis

2315 3456 1441 141 deberet unde fit, fractio, quae repraesentut divisionem

2334 3524 1204 125 esse faciendam, re quae isto numero designatur

2306 3576 1218 133 divisa in partes ad eam divisionem reddendam

2325 3637 1258 133 exhibendam aptiores. Eodem modo oriuntur

2344 3713 1438 145 quantitates incommensurabiles seu radices surdae

2365 3796 1190 112 ubi extractionon habet locum. Et quaedam

1069 3129 61 56 este

407 2521 652 104 Cum  a primisoriendo

414 2573 669 112 omnia necessaria percurrimus

421 2642 647 107 ad nostrum usque problemi

66 2730 874 130 subjicrendae: constractio modus problema

59 2789 919 128 calcullito mot Geometricum revocandi

73 2853 853 142 ad Calculum, et contra Modus

92 2912 834 123 Caleulum exprimendi constructione

78 2990 746 112 tam demonstratione quam

78 3066 298 97 constructione

101 3092 842 124 dicendum e de his quae demonstrari

101 3133 941 139 sraro non possunt in per per aequalitatem

87 3187 925 147 sd sed per duas determinationes hinc

75 3237 1012 159 inde, cum ostenditum aliquid nec esse uni

63 3294 998 151 nec minus. Et talia sunt oia transcendentias

990 3334 122 76 natura

109 3379 872 154 problemata de Maximis et Minimis

80 3505 270 90 seriemn

3688 552 329 100 vel formulae

3698 637 724 116 Numeri absoluti et logarithim

3759 701 279 84 inventione

334 4047 798 64 GOTTFRED VVILFIEIM LEIBNIIZ BIBLIOTTIEX

3963 4062 429 54 Sionatur: LH 4. 7B. C. 121I.14

317 4119 808 68 NIEDERSRCHSISCTE LRNDESBIBLIOTHEN

3671 3322 154 64 + actu
