4922 4430
131 70 1346 131 Huc pertinent formulae formularumque comparationes

109 152 1326 128 et ex hac arte pendent multae regulae q quas

98 221 1209 138 Algebrista et Geometrae in us transtulerunt,

81 285 1305 155 tametsi eae regula no non tantum circa math

93 369 1123 145 magnitudines sed et circa alias considerationes

100 465 375 105 locum habeant

137 494 1369 192 cexta est Logistica, seu _ de toto et parte,

91 602 1218 168 sive de magnitudine in genere rationibusque ac

110 676 1251 168 proportionibus, in quam incidit Quintum Euclidis

105 733 1462 184 Elementum, et magna pars Algebrae. Et sut multa utili

81 844 1145 155 ete Septima est Arithmetica, sive de

86 927 1206 180 distincta magnitudinum per numeros expressione

96 1036 837 157 in qu octava est qua multa

280 1092 1052 177 Octara est Geometria sive scientia

105 1166 1310 207 de situ e figuris. Haec utiliter se parabitur

103 1336 510 113 in partes sequentes:

718 1260 606 132 Elementarem planam.

832 1335 610 136 Conicam Organicam.

91 1388 637 150 Elementarem solidam.

103 1427 1464 202 Transformatricem. Ubi sciendum est, Geometriam etiam

115 1511 1637 195 nondum adhuc sitis, ita ut optandum erat, traditam esse.

307 1592 1430 175 Nona est scientia de Actione et passione, nenpe Mechania

127 1680 1278 190 sive de potentia et motice. Haec scientia

1681 1831 192 41 o tinuri

140 1757 1465 202 physicam Mathematicae connectit. Neque hic agitur

142 1828 1783 209 quomodo delineanda sint motuum resti certomo qui i ponantur

150 1914 1231 190 vestigia: id enim pare Geometricum est; sed

150 1978 1365 212 quomodo ex corporum conflictu motuum directiones,

155 2067 1174 202 et celeritates immutentur: quod per solam

130 2132 1660 208 imaginationem consequi non licet, et sublimioris opus est scientiae

137 2217 1980 207 Hic ergo agendum est de sructurarum firmitate, de statica, destructurarum firmitat

140 2283 1595 202 de motu projectorum, de de balistica, de _ pneumaticis quibusdam

132 2352 2212 202 et hydrostaticis, de velificatione, deque aliis mechanicae partibus, quorsum et Harmonicae pleraque

164 2510 328 84 referenda su

118 2475 1398 195 Decima est Scientia Cosmographica sive

105 2544 1411 202 de majoribus Mundi corporibus, earumque proprietatibus

120 2628 1450 202 Hic tradenda est Astronomia physica, qua non tantum

147 2724 1261 170 Phaenomena explicet, assumtit hypothesibus,

115 2810 1118 158 Sed et demonstret quoad licet quid verum

120 2867 1175 177 quae sit hypothensis vera, reddatque physicas

123 2960 1226 168 causas ex eorum quae ficunt sumtas ex proxime

130 3064 532 147 praecedenti scientia

228 3091 1256 172 Undecima est Geographica, in qua continetur

150 3177 1103 179 explicatur Geographia Mathematica, in qua

108 3251 1199 177 tentare debemus explicare pristinam et futuram

88 3317 1332 185 formam globi nostri, origines montium et fluminum,

96 3398 1206 182 aliaque od gen, ex quibus multa erni possunt

105 3544 207 95 arcana

233 3521 875 182 Duodecima est Metcorologica

1545 1405 395 110 Elementarem

1745 1479 680 105 Huc autem Geodasia refere

1770 1555 652 91 est, et pars Architecturae civilis

1787 1587 648 111 ac militaris quae a morteria

1822 1639 618 108 abstrahitur, et Tornatoria

1923 1703 435 83 et Textoria, omne

2124 1740 291 88 in quantum

2112 1803 266 72 materia

2139 1848 264 76 abstrahuntur

2137 1895 293 88 Optica eham

2134 1966 283 84 pure Geome

2129 2005 259 86 trica est

2053 2059 303 94 paucis tantum

2048 2123 401 96 assumtis phaenome

2058 2178 391 97 C natura.

3230 81 167 101 animi

2553 123 1108 142 chematibus sola vi mentis et ut

2489 219 1214 147 appareat demonstrationis vim non pendere

2518 305 1140 135 a figurarum ascriptarum delineatione.

2523 366 1153 145 Eandem eb causam demonstrationes etiam

2494 443 1127 174 sine casculo algebraico perfici debent

2496 536 1118 155 etsi tamen ille maximi sit usus et a

2486 620 1153 150 me maximi fiat, aliquando tamen et in is

2513 684 1401 170 quae aliter extorquere  non possumus necessarius sit;

2518 762 1175 151 tamen abstinendum eo est, quotiescunque absolvi

2506 836 1253 153 potes res naturali veritates naturali quadam

2506 895 1162 153 ratione demonstrari possunt, quae per ipsas

2521 959 1169 150 rerum ideas animum ducit. Idque inprimis

2491 1036 1121 145 itaque in constituendis scientia cujusque

2501 1070 1300 182 principiis calculam A Elementis a calculo Algebraico

2538 1201 416 108 est abstinendum.

3077 1144 650 118 Sed in ap conseq cum

4456 1141 389 124 atque applicationes

2533 1193 1207 192 scientiam aliquam fatis in potestate habemqus

2513 1228 2315 236 calulis calculus postea egregie utilis est, ad ducendas inde consequentias, variosque casus

2558 1341 1140 175 lata quaevis quam minimo animi labore

2481 1484 340 115 consequenda.

2841 1405 812 147 Fundamenta igitur cacculi

2499 1449 1174 212 EnccEncyclopaedia ergo nostra ita

2494 1520 1374 207 scribenda est, ut enunciationes ac demonstrationes.

2491 1589 1219 190 veritatum neque a schematismis, neque a calculo

2496 1656 1189 189 sed definitionibus axiomatis ac propositionibus

2501 1717 1234 214 praemissis pendeant. Adiicienda tamen sunt

2504 1772 1228 214 chemata quidem ubique quando id fieri potest

2504 1843 1223 216 calculus vero  algebraicus tunc tantum

2499 1885 1711 224 cum peculiarem habet elegantiam et utilitatem. Verum

2489 1988 1310 204 Hcut propositiones enuntiani ac demonstrari

2487 2040 1455 236 possint sinc figuris saepe opus erit oroa

2518 2138 1246 190 ad evitandas circum locutiones. In quo tamen

3183 2212 658 126 semper spectanda est;

2494 2274 608 147 claritas et commoditas

2504 2274 1349 204 ut nunquam sinc magna necessitate atque usu

2486 2333 1734 221 nova aliqua nomina fingamus, et sicubi aeressario excogitanda

2489 2426 1369 195 adhibenda sunt, sumamns, quae quodam do suo jam

2486 2502 1217 202 ex communi verborum usui facile quoadlicet

2506 2584 1207 174 consentiant; ne dum compendium verborum

2509 2692 691 165 quaerimus, obscuri fiamus.

2673 2739 1047 199 Scientiae in hanc Encyclopaediam

2477 2827 1236 187 refereniae sunt omnes, quaecunque nituntur

2504 2911 1103 187 Ratione et Experientia, quales sunt

2496 2960 1271 195 vel Ratione sola vel ratione et experientia

2494 3034 1435 190 Cujusmodi sunt  Theologia Naturalis, Turisprudentia

2518 3120 1256 180 Naturalis nempe quaecunque non pendent b

2516 3150 1876 219 autoritate a voluntate cujusdam autoritatem habentis. Sepoiuntur ergo

2499 3192 2299 243 excluduntur ergo Leges divinae et humanae quia meri sunt arbitrii; excluduntur et autem

2501 3275 1911 241 nugatrices quaedam artes, quae probari non possunt revocari ad firma

2511 3401 1142 179 per certa quaedam principia fundamenta

2513 3460 1185 207 Conscribendae ergo sunt Methodo supra dicta

2501 3571 761 184 potissimum scientiae sequentes

369 4201 835 69 COTIFREDVVILHIELM LEIBTIIZ BIBLIOTHIER

4345 4210 377 57 Signatur: LH 4. S. 7. 18)-4V

357 4277 854 64 NIEDERSACHSISCHE LANDESBIBLIOTHIEN

4200 78 581 128 g luns ibgr. plagalus
