4870 4215
3019 74 1052 120 Cubare membris in aliquo loco depositis quiescere.

3012 180 1827 147 Cubile sunt tegumenta corporis, ex mollissima materia calorem conciliante facta, ad membri

3010 264 829 113 in iis deponenda atque somno recreanda.

3010 367 939 106 Cubiculum, locus, in quo cubile sternitur J. L.

3012 473 1143 105 Cudere varias formas ope contusionis metallo indere.

3010 576 1824 149 Culina locus, in quo coquuntur epulae in funere J. L. ex Festo. vel ubi colitur locupletior igo

3007 646 883 105 domus M. in quo cibi coquuntur et parantur.

3010 735 1724 157 Culmen quod culmis, ido est, paleis messoriis tegitur. J. L. stramineum tectum culmis co

3014 817 1677 140 M. vel extremitas tecti, ubi in altitudinem tendit, et quam maxime a terra remota est.

4785 819 45 96 ras

3014 910 1811 160 Culpa est ejus, qui insciens aliquem laesit J. L ex Donato. delictum, et reatus ex delicto ortus, vel

3021 981 1626 117 factum malae fidei. in specie est imprudentia, qua negliguntur, quae fieri oportebat. L. P

3017 1039 1794 129 tus, in quem incidimus ob malefactum aliquod; vel factum malum, quod vel ipsi commisimus

4649 1042 174 86 vel est

3014 1091 1816 145 cujus committendi aliis auctores fuimus, quodque culpandum est atque poenam meretur. vel culpa est

3014 1163 1729 131 quâ factum alicui imputatur, vel obligatio in aliquo ad poenam ob factum malum sustinendam.

3014 1257 1820 157 Culter, quo quid abscindimus J. L. instrumentum domesticum à parte aliqua acutum ad re

3021 1337 399 107 dissecandas factum.

3026 1428 1794 126 Cumulus vide acervus. majorum rerum veluti quidam acervus J. L. rerum majorum con

3031 1501 386 107 gregata series M.

3033 1568 1743 129 Cunae lecti, in quibus jacent infantes J. L vel lectulus, qui sapius motus atque agitatus infa

3028 1643 563 96 in eo repositis somnum ciet.

3024 1723 1794 143 Cuneus instrumentum ligneum vel ferreum, quo ad aliquid scindendum et dividendum utimur

3038 1786 1787 136 vel est peditum multitudo incunei formam redacta, quae cuncta in acie primo angustior deinde latio

3033 1847 1403 110 procedit. J. L. vel est instrumentum fabrile ad lignum findendum aptum.

3035 1945 1792 150 Cupio est cum vehementi affectione appeto. Volo modestè desidero P. percipio motum et extensio

3038 2018 948 87 nem animi ad bonum absens, quod putatur conveniens

3033 2084 935 100 fruendum re aliqua, aut ad aliquid agendum.

4019 2044 797 117 P. appetitus vet conatus meusse flectit ad

3035 2180 1799 142 Currere celeriter ire, saepe levare pedes M. pedes in celerem incedendi motum conc

3035 2252 1774 141 tare, ut sic brevi tempore viam aliquam longiorem absolvamus. vel pedes celeriter proferre.

3035 2355 1792 145 Cuspis vide acies. Acuta pars gladii, hastae, clavi et hujusmodi. J. L pars gladii aut h

3038 2437 1794 145 stae in acumen desinens vel posterior pars hastae, mucrohastae M. extremitas gla

3035 2500 567 101 dii vel hactae acuminata.

3042 2620 1788 117 Custodire cavere, ne quid violetur aut perdatur; recludere, ut non appareat; servar

3045 2692 1794 110 commissum et ab eo aufferendo laedendoque arcere alium M. solicitum esse atque operam da

3047 2758 1642 124 ut res, quam possidemus, aut quae curae nostrae commissa est, sarta tecta relinquatur.

3040 2868 1804 119 Debilis quasi parum habilis, hoc est, malae habitudinis M ex Perotio. qui habet pauciore

3056 2938 1792 136 justo, passus est damnum, cui deest habilitas, qui facile debellatur M. cui desunt vire

3049 3006 518 124 ad opera sua perficienda.

3045 3105 1785 119 Decretum destinatum animi deliberati propositum ad aliquid agendum. L. P. sententia

3056 3179 1778 111 post consultationem M. vel determinatio voluntatis instigans nos, ut vel ipsi aliquid

3049 3250 1771 119 agamus, vel quid aliis agendum sit, praecipiens. vel est doctrina aliqua certis hominibus

3056 3329 195 110 propria.

3054 3418 1773 106 Decere aptum esse consentaneumque tempori et personae J. L Decere dicitur, quicquid cum

3054 3482 1131 112 natura rei convenit, vel quicquid ornatum rei adjungit.

3056 3575 1788 117 Decipere dolo malo circum venire, fallere est a vero abducere seu frustrari: fitque proprie ver.

3059 3655 1775 98 bis, cum nimirum contra facimus, quam diximus. P. fraude adhibita aliquem vel in errorem

3056 3730 696 97 ducere, vel damnum ei inferre.

349 3992 859 63 COTTFRIEDVILHEIMLEIBNIZ BIBLIOTHEK

4207 4001 461 52 Signatur: LH 4. 7D. 2, 12701-130

342 4060 864 63 MIEDERSACHISISCHELANDESBIBLIOTHEK

4670 105 33 56 ab
