4844 4237
2985 105 1818 125 Ansa qua rem prehendimus atque tenemus. D qua vas aut quid vis aliud manu teneri solet. J. L

2993 176 1815 130 est in vase inprimis poculo ea prominens pars, qua prehenditur M pars supellectilis domestia

2990 244 1006 102 qua illam commode apprehendimus atque attollimus.

2983 341 1828 146 Annales sunt libri, qui res gestas plurium annorum servato cujusque anni ordine breviter exponut

2988 423 1780 125 vel sunt eorum annorum et temporum, quae aetas nostra non novit. P. Annales pro fastis, id est

2981 470 1827 132 tificum monumentis dierum et totius anni descriptionem et ordinem continentibus J. L ex Ovidi

2990 539 1670 122 vel sunt libri historiam certarum ditionum juxta annos, in quibus gesta est, proponentes.

2983 637 1816 158 Anteferre ob majorem aectimationem priorem locum alicui dare D eligere aliquid altero eo tes

2988 722 1279 108 pore neglecto et seposito vel majorem honorem alicui exhibere.

2985 835 1807 167 Anticipatio qua anter tempus actionem efficimus D est accepta animo rei quaedam infori

2985 920 1814 122 tio, sine qua nec intelligi quicquam, nec quaeri nec disputari potest. J. L ex Cicer. sine doctrina ne

2993 976 1813 142 titiae naturales. vel est figura, quâ id, quod objici potest, anticipatur et dibuitur, ut nos praemu

2985 1045 1821 143 niamus adversus adversarium. L. P qua aliquid agimus vel rem tractamus ante tempus con

2985 1118 198 94 veniens.

2993 1226 1813 165 Antipathia naturalis dissidentia, oduim implantatum L. P. naturalis rerum repugnantia

2993 1308 1803 141 repugnantia inter aliquas res ob contrariam affectionem M vel est, quando res aliqua alteras

2995 1374 1797 132 fugit aut destruere conatur ob odium naturale erga eam, aut aliquid ei simile, naturam pe

3002 1447 1780 125 rei illi adversam vel repugnantem: vel etiam eam in cibum sibi quaerit, quod grato, quem illa s.

2997 1508 1792 158 odore percepto gratum etiam sibi et naturae suae conveniens ex illa alimentum futurum prae

2993 1579 155 89 videt.

2995 1697 1771 181 Antipodes sunt homines in plaga terrae nobis opposita habitantes pedesque nobis obvertentes

2993 1833 1796 167 Antiquitas est status rerum, qui multis retro seculis ante nostram aetatem fuit, vel per Ma

3004 1920 1135 109 homines, qui ante multa secula vixerunt. Antiquum est, quod

2995 1991 209 66 aevum. P.

4161 1946 633 154 patrum memoriam excessit quasi an

2995 2064 1787 176 Antistes, qui caeleris antestat, id est antecellit. erant primarii singulorum templorum sacer

2997 2153 1778 146 dotes, qui sacris praerant et defuturis atque agendis responsa dabant consulentibus J. L. qui dignit

3000 2217 854 101 te antecedit alios praesertim ecclesiastiios

3002 2325 831 111 Anus est mulier multos annos habens.

3000 2438 1354 158 Anxietas magna perturbatio ac dolor animi ob mali praesentiam

3000 2544 1792 205 Apex cujusque rei summitas. J L pars extrema rei in tennitatem acumineta, atque in alti

3007 2634 376 91 tudinem vergens.

3004 2721 1343 138 Apoplexia stupefactio nervorum cum privatione sensus et motus L. P

3000 2824 1582 191 Apostata desentor religionis L. P qui a veritate religionis alicujus desciscit

3007 2937 1024 139 Apostema tumor praeter naturam ex pure collecto.

3004 3017 1074 127 aliquo congregata atque illud praeter morem inflans.

4113 2998 643 132 sanguinis impuritas in membra

3007 3102 1679 179 Apostolus nuncius Dei. Apostoli literae dimissoriae ad eum, ad quem provocatum est

3011 3189 450 94 da appellationis causa

3508 3198 1011 128 P missus a Christo ad predicandum Evangelium

3009 3297 1526 158 Apparere manifestum atque evidens esse J. L Apparet, quod existere putatur

3004 3408 1764 179 Appellare nomen imponere. vel a sententia inferioris judicis ad superiorem provocare ve

3014 3493 1735 160 implorare superiorem potestatem in injuria, quae fit nobis ab inferiore magistratu J. L.

3016 3563 714 106 vel est nomen alicujus proferre.

3014 3665 1771 127 Appendix proprie aedificium, quod alteri adjungitur et quasi appenditur. quod alii est adjum

3007 3749 1778 112 ctum quasi ex alio pendeat. J. L. quicquid ita accidit rei, ut pars ejus sit, aut ei haereat, ut uva in

3022 3794 1101 76 vite. . ex Budceo. vel quod primariae rei appentum est.

327 4086 881 59 NIEDERSACNSISCHELANDESBIBLIOTHIEK

339 4011 861 68 GOTTFREDVILHIEIM LEIBNIIZ BIBLIOTHIEK

4194 4022 452 54 Signatur: LH 4. 7D. 2. 1266I-d1
