4536 4170
464 62 1765 139 e grand monnement on celuyde Cer la rone R. n empechera

505 127 1692 157 pas 1F mene par V. de descendre vers et de Liengager entre

512 194 1645 165 les dents de la rone B. car le gram monvement o a  tardis et  va

507 287 962 153 plus viste; commee la portec hifre 1 4.

551 349 1623 167 Vrita le premier point acheve, a l'egard du premier

526 428 1655 162 portec hifre transportant et du second recenant, mais lorst

519 502 1657 160 qu'il ya un deuxreme necevan transportant et un denoreme

2116 544 116 104 meme

484 576 1659 149 recevant 'est a dire lors qu'il y a un qui donnerin e

498 646 1699 153 rlevit et qui donne, et un u  recoit sentement, alorsi

519 713 1724 151 it fant changer adjonter quelus chose commel  expliqueraue mamtenant

479 773 1750 162 et cecte meme addition suffit aussi non, toutes les altres toris

530 840 1690 174 es autres portechifres qui suivent S ilqu en avoit  dixo on

526 977 162 97 doure

957 922 1249 148 Supposons que Carbre de 29. on de M. age

526 986 1719 163 une dent on pointe p. avecda quelle, lors que ila rone porte chifre

521 1056 1673 171 29 est sur. 9. il mene une roe dent diuneque lone B. lors que

547 1102 1666 183 p. va comme 29 de gauche en haut, ira de divite en haus

542 1162 1683 179 et et menera larone B de haut a dioite, en sorte qua sa piere

544 1220 1701 179 on dent V. par la s'engage entre les dent de F aloitq par apres

540 1276 1648 195 lors que F doii receron un rranspot V. qui fasse alter

283 1334 1911 225 dispose 24 sum 1. (qui estvit sur g.) altersut i a estre mene sur

542 1408 1659 190 0. le meme V. mane F. im peu  mais F prenne B. et B.

1610 1471 578 125 Ces denx F disposes

549 1522 1034 148 premne (2)F tout comme V. prend F.

547 1538 1583 199 par la a avoir les pointes regardanse en bas plus baissees

549 1591 1706 195 qu auparavant, serout emportes par le monnement general

558 1658 1687 197 et le transport se fera, et se servit sur plusienis de suite

549 1721 1578 206 il en meme est temps. Si Ce cas arrioviti Mais

560 1769 1630 209 afin qui ()V e soit paser empeche par  B. Fcar ()

139 1851 2051 220 duit faire ordinantenentsait leffect: de mener 2) et B. le fait seutement daus

565 1895 1729 215 dans le cas dutranspore sux le transport il fant conceorae

586 1973 1583 193 les rones D. B. chacune suo des arbres a part; et (2) F qui

611 2031 1609 204 est icus on fort luge; poni pondre et a (2) V. et a (

591 2138 1126 153 on donble sur unmembe meme arbre.

544 2179 1701 181 a dermere chose a remarquer que p suo l'arbre

1460 2240 785 136 un  a fin que 2 gou M

560 2293 793 137 2G M. voit estre double

1300 2295 883 151 dispose B farsim desendie une depo

530 2381 744 130 dispose B en altant sure

572 2363 1671 208 dent on deno pieres vede ticant a divitinql'autre a fin

434 2434 1735 193 que 29 on M.3 en allant relomnant de su +1f de 1. sur O.

611 2485 1639 197 fusse alter e disposo B. fai sant alter m dep dem pieces

611 2566 1616 156 Juooii Iinferienre de divit en hantu non estre puse par

628 2631 1509 165 qui s va de gaudre par bas par lagandre en haut

1967 2661 241 109 lors e

567 2710 1006 137 car en relomnant tout va a rebours

454 2731 1785 190 isque fig a este sur g. et retomine de g. a un autre vers 8

609 2791 1574 185 avant  le transport, il est manifeste, que p ramene. B

595 2849 1641 183 et BB. danc le premier estat Mars cornque Lg. aeroit sou

686 2995 88 63 10

788 2905 1441 159 non pas pur cete vi mais par sou propre onvunement

588 2960 1588 181 ee de si rone di addition; it faudra quii y ait une

579 3011 1666 190 eantre pointe sur l'arbre 22 Maupres de p. a l'endivit de 10. (comna

602 3069 1643 185 e. estoit a l'endroit de g. ond  et de 1.) la quelle ponssint Bb plucs

547 3122 1703 186 quant remette une aut de ses densq a coplare des precedentes

706 3185 1472 164 fui que tont soit comme avant que 2g alloit sur q.

531 3236 1677 189 Arcis continuunt dialler i suo de 0. on de 1o. sux 1. utors

584 3424 41 53 il

669 3294 1560 169 aut que la pointe p. qui est sur 1. (comme l'antre sur 9) ne concre

567 3340 1672 188 poiit aniben quelle conchervit, si c'estoit en reloument, tomus

547 3405 1645 181 Jone gempecher deconcher on de mener AH Mais cela

616 3458 1590 179 cabtiendra facilement en farsant les dem p. estre des pieds de

523 3516 1725 167 bichre, comme on l'appeelle, c est adrie qui plient quand on les eiuche

500 3579 1667 167 tondre diuncos on qui sont ternes de l'autre uls auront un petit,

493 3632 1741 158 ressort pon se remettre mais plus forble que celuus qui regtent

563 3697 1513 135 les Nones E. et B. utfin qu' il cede plus tost que de lec mener

1576 3771 74 54 s

291 1535 211 46 m

449 3009 135 116 val

46 1489 259 88 on prounort

33 1990 151 76 arrive

39 1128 410 65 3 Hin la roue b

62 1186 383 67 ne servant qua

50 1234 434 98 ramener B en sorse

53 1290 433 86 qu'il aille dans le

37 1336 454 79 ens quil faut

48 1378 413 79 lon poturvit Vien

60 1438 220 100 posser si

39 1540 463 97 falie en sorte que

39 1607 473 84 meu M, mene (3.

74 1651 387 77 immediatement non

78 1686 408 97 pas du coste on il le

60 1730 459 88 fonche dans lafigure

50 1779 446 78 pais de l'autie coste

53 1823 440 83 de M. estantum per

173 1862 297 70 jus de BB. e

35 1899 433 90 nnis il fant uvec celu

37 1955 92 67 que B

44 2045 41 51 ve

41 2048 448 108 se iqui est vers (2) a1.

36 2089 448 109 miusi (3. deura estre.

50 2154 295 102 plus grande.

50 2441 427 135 scanori lasuperieme

186 2581 250 66 1IF E xa

225 3340 313 102 Mais gM

222 2613 102 92 da

206 2664 215 106 Ex 2EC

215 2735 232 119 x

222 2826 197 81 5. 2

234 2874 157 77 X 2E

213 2921 116 118 aa

292 3030 165 109 ner

315 3099 116 70 era

301 3166 109 49 X

315 3247 127 93 FE

319 3414 119 74 a

347 3449 100 107 la

305 3509 121 98 Ee

305 3572 63 120 F

382 3634 79 79 i E

333 3685 137 95 s

3034 46 373 93 24 Aoust.

3460 37 234 92 2679.

2857 187 383 109 Vernere

3305 159 1089 123 correction de la Machine

2927 273 424 171 frithmetiqu

2860 456 97 81 ste

3351 372 1157 137 soit la noue G enpageo dans les dents inegales, h

3351 449 1108 111 c ennon de 30 denti, qui doit mener le

3344 509 1157 121 pignon H de 3 dents, dout larbre est parallele a larbi

3351 569 1134 107 due pigntra H et rnce de la rone. G. or  l'arbre

3349 623 1142 118 du pignor porte deux pieces L1. L4 qui donnent dans

3353 662 1132 130 les dents dpR, dont l'arbre est parallele

3323 727 1168 104 aux deno precedens, et entic denx. En sorte pourta

3333 778 1170 120 que les pieces L5. L+. cbisent tellemen langia

3138 829 1342 137 longur placees et divergentes u elles, ne sogent point

3339 880 1146 123 tonchees par les dents de p lois quellemam

3319 940 1133 123 quad il est toupne par erx sans estre

3330 1010 1164 106 meneee par elles. Enf les dents du pignoq

3342 1061 1110 108 menent celles de la none _ Q qui est

3351 1116 1138 111 parallela a la rone G. et nono gagner la place

3360 1172 1074 111 pent anvir l'arbre place en sorte, quev l'axe

3339 1223 1139 116 omagniaire de l'arbre de la houe G. continue

3335 1288 1112 108 estant continue passe par l'axe de l'arbre Q.

3351 1334 1134 125 Ainsi la rone G allant du haut par le divit eubas

3339 1406 1146 99 le rone Gna, le pignon H ira doi du hant par

3339 1447 1118 128 laganche eubas pie L: dememe. Le

3295 1526 105 109 Lq

3664 1526 283 81 a du hant

4063 1505 433 86 il seca apropos que

3349 1547 1096 146 les pieces LF. Rs. soyent longues, et la hone g

3349 1600 1154 153 par consequent plus cpetite que G. ansi les dentur

3337 1658 1108 149 L. la meneront d'autant plus viste, et ne

3370 1714 1070 146 seront ponit touchees quand elle passe

3365 1772 1129 143 sans etre menee par elles. on voit par

3358 1825 1129 151 la qua pene que ab allant de haut par te

3353 1883 1143 153 divite en bas,  ira de haut par la gaerdhe

3356 1955 1138 134 en pas. et e du haut par la dioite en bas

3370 2006 1126 134 commet G. Mais quam G. aura fait une dixic

3365 2059 1066 146 trentieme partie de son tour, l'et adire

3370 2119 1077 139 quam une dent de H sera avancee, une

3367 2166 1085 136 y aura faitine dent fait avancer une

3333 2207 1135 167 deut e'est a dire une dixieme partie de

3356 2263 1126 181 sontour. Et comme g. portera les iffi

4181 2330 259 104 s inencene

3374 2363 686 136 l'additroius lera faite quand

3395 2381 1094 162 qui mene naura fart qu'untieis on moiti

3400 2437 1085 153 de son chemino de n dixicine partie de son

3388 2488 1094 155 chemin. Arnsi cela estant fait pour le

3377 2536 1105 160 reste du temps, shanoii pour durant les

3358 2585 1131 164 de ux fiers de cette dixieme partie du grand

3365 2643 1136 164 monnement, il in glaura plus de connexion

3374 2703 1120 139 entre la pone d'addition G. et la roue

3384 2814 401 121 porte chiffre g

3972 2756 503 135 Anisi ce demps qui

3388 2824 1101 164 reste, nous noura servir aux trausports,

3379 2900 1115 148 car ense ce tempsala roue porte hifre

4213 2953 278 105 Deponis

3372 2993 549 132 n'est pas engagee

3506 3023 995 160 Plais nour Suire il s'eu suit de la

3356 3090 1119 153 que ces transports ne seront pas fait par

3365 3141 1120 164 La rove dadditiori et la ione porte-chiffre

3374 3213 1101 150 nu des pieces, qui en dependent parc e

3360 3271 1138 150 in elles sunt alvis en repos. il pourra

3374 3322 1134 162 Honc este fait on par ta rone daddition

3374 3382 1138 190 on par le Ogrand monnement cuus memet

326 3956 793 65 COFTFRED VILHIEIM LEIBNIIZ BIBLIOTHIEX

3949 3966 394 55 SiOnatUT: LH 42, 4. 1. 1SI.3e

315 4024 804 64 NIEDERSRCNSISCHIE LANDESBIBLIOTHIEK
