2449 4255
2035 38 333 101 Poeogniphian

130 99 219 97 Decima

397 68 1891 144 est Scientia qualitatum se sibilum sensibilium, quam vocare soleo

52 177 234 92 Qualitates

37 177 2142 158 quaec quoad licet difiniendae sunt, distinguendae in species per varietates, di et

42 267 1331 156 gradus, enumerandaque subjecta in quibus existunt

52 361 1302 144 et a quibus fiunt, denique quae ex ipsis consequuntur

44 427 1263 154 Hae qualitates sunt, Lux color, sanus, odor,

35 522 1295 146 sapor; et qualitates tactiles nempe calor, frigus

56 588 1267 154 humiditas, conosivitas tum quae agunt, ut calor

56 694 686 135 frigus, humectare solrere,

884 661 497 116 Harum qualitatum

75 742 1215 161 effectus vele vel explicari possunt, quales sunt

44 791 1988 190 esse firmum, fluidum molle. Hae qualitates vel sunt autem istae vel sunt

61 895 1180 147 primidivae, sive explicari non p non possunt di

66 952 1196 147 sensibiles tantum, quae solo sensu discerni possunt

68 1011 1189 168 cog immediate cognoscuntur, non vero effectu

82 1063 1272 196 simplices quae describi non possunt,

63 1153 1201 182 sed ut cognoscantur sentiri debent, quales

73 1229 1345 189 sunt: Lux, Color, sonus, odor, sapor, calor, friga s

75 1309 1338 177 vel sunt compositae ut firmitas, fluiditas, mollities,

66 1394 1167 170 iss tenacitas, friabilitas, fissilitas, aliaeque

82 1458 1433 180 id genus item, volatile, fixum, solvens, congulans

70 1543 1251 168 praecipitans. Et vero qualitates illae simplices

70 1605 1260 182 praecedentes non possunt ratiocinationi subjicis

54 1670 1412 173 nisi quatenus cum  sequentibus compositis illis istis

54 1746 1288 192 oer copulatae esse solent, itaque supice

44 1834 1282 170 simplices illae tractandae sunt historice, id est

63 1893 1544 175 enumerandum est, cum quibusnam intelligi et quomodo inter se

54 1980 1376 159 et quomodo cum u aliis intelligibilibus soleant esse

44 2051 1331 175 copulatae. Qualitates vero intelligibiles aut mixta

31 2132 1395 158 sub Geometrieam et Mechanicam considerationem

59 2212 1347 166 ladunt, et ita theoremata erui possunt, circa

47 2269 1331 175 earum causas atque effectus, unde etiam de causis et

42 2316 1669 227 effectibus mere sensibilium judicium aliquod facere licebit

68 2430 1255 167 Totius ergo physicae cardo vertitur, in accurata

35 2505 1369 163 enumeratione harum qualitatum earumque per gradus

63 2557 2317 206 distinctione, et quomodo inter se in eodem subjecto dis

54 2649 1312 182 copulatae esse soleat diversisve inse invicem

87 2713 1314 196 agentibus, sed vicim simul Limiti convenientiam

120 2779 1430 192 quandam aut connexionem commerciumve habentibus

988 2857 531 121 saltem in speciem

28 2912 484 153 copulari soleant

115 2928 1965 192 Undecima est scientia subjectorum similarium, seu Homoeographia

47 3039 1274 173 ut Saltem in speciem ubi incipiendum ab illis

68 3108 1241 156 quae revera quam maxime sunt similares

75 3172 1312 163 maximeque communes ut quatuor illa corpora

54 3231 1253 180 quae vulgo vocant Elementa; inde ad ea

52 3302 1368 158 pergendum quae minus sunt communia, sed magis

37 3344 1917 204 sunt variis qualitatibus dotata, ut salia, succi, metallo lapides metalla.

56 3406 2026 210 Horum corporum enumerandae sunt qualitates  supra dictae secundum

61 3491 1976 194 quae pecesserquae gradus  differentiasque suas

73 3555 2186 213 differentias tum eas quae in corpore per se tracta rudi neque nec arte sponte sensui

49 3652 1556 175 pramutato se offerunt, tum quae in eo per setractato

37 3720 1525 178 vel aliis corporibus commixto prodeunt Ubi notaadum est

54 3765 1993 220 a spontantis inchoandum esse, corpora etiam varis modis tractanda esse per se

1329 28 547 78 25 juni 1679. plaguta 3.

1586 1241 666 113 et descriptione explicari

1652 1304 718 111 possunt adeoque sunt quodam

1690 1371 477 120 modo intelligibiles

1463 1659 863 97 item cum superioribus illis communious

1567 1690 737 104 mmagnituctur situ ac mutatione

182 4153 385 66 ooneru nc vovoronrio

1869 4129 376 59 Sionatur: LH 4. S. 7. 10I.St
