4895 4249
3027 96 1499 114 Calva superior pars capitis J. L vel oscapitis, ubi capilli esse consveverunt. H

3029 205 1788 132 Calvities, quando quis calvam crinibus nudam habet M ex Perotto. vel carentia capillorum

3024 323 1804 127 Calumnia malitiosa et mendax infamatio, vel callida quaedam fallendi ratio cum malevolentia a

3036 396 1795 104 juncta. vel est vendicatio, juris in re aliqua postulatio H. vel alicujus in litibus perfrandem et fru

3031 450 1793 125 staationem veratio J. L vel. quando de homine quodam proferuntur aliqua cum rei veritate non

3027 509 1065 92 convenientia, ut honor ipsius detrimentum patiatur

3029 597 1533 132 Campus est planities terrae ampla et grandis J. L. vel portio terrae plana, mont

3034 672 1530 102 carens. Metaph. juxta H. quaevis res, in qua quisstudium habet, vel ubertas materiae.

4588 649 252 111 us et collibus

3024 753 1823 136 Canistrum est sporta, qua veteres prandia et coenas paratas inferebant, fissis cannis context

3029 828 1339 104 M. Supellex domestica viminea ad panes et cibos apportandos apta.

3022 930 1797 165 Canities color hominis cani vel etiam ipsa senectus. sive qua candent sive albent capilli prae

3034 1012 1273 109 senectute. J. L vel capillorum in colorem albicantem mutatio.

3027 1118 1827 147 Captivitas, qua quis vinctus est: quod non sui juris sit, sed in potestatem alterius redactus J. L ve

3027 1201 1445 113 est status eorum, qui in carcerem conectisunt aut vi alicubi detinentur

3024 1298 1826 163 Canon vide amussis. virgula connea, quae rectiosima esse solet. omnis ecclesiastica constitio S

3022 1378 1821 154 calamus, circa quam textores fila involvunt, virgula, qua clipeus tenetur, clathrus ex rec

3027 1439 1806 166 lignis aut ferramentis factus regula supra trutinam, quae aequilibrium facit. vel praescri.

3029 1513 1783 155 ptum tanquam lex, secundum quod aliquid faciendum est, seu norma operis. vel numerus

3027 1574 1794 170 librorum divinorum, ad quos tanquam ad regulam examinanda sunt dogmata fides

3024 1647 1785 175 et mores seu vita Mvel est regula, ad quam Architecti exstruunt aedificia, ut singulae partes justa

3027 1727 845 102 metria et proportione interse cohaereant. L. P.

3024 1815 1793 193 Capere dominium acquirenejus, quod nunquam restituturi sumus P aliquid ad setransfe

3034 1895 1806 194 sive non oblatum aliunde sive oblatum M rem cingere, ita ut res cincta sit in cingentis pote

3029 1971 718 103 state, vel rem alienam suam facere.

3024 2058 1781 158 Capistrum capitis vinculum, quod mulis, jumentis, bobus et cuicunqe animali adhibitur, nefugiant

3029 2126 1816 184 vinculum, quo ligantur vites J. L. quo capitue et continetur bestia M instrumentum equova

3027 2200 621 99 coeircendorum capiti injectum.

3024 2289 1826 163 Capsa dicta, quod res in ea conditas capiat. J. L vas, in quo reponuntur edulia H. quod ex lignis in

3024 2369 1148 109 flexis fit M vas domesticum ad res in eo seponendas aptum.

3024 2471 1821 156 Carbo, quae flamma caret H. ex Isid. lignum aridum et ustulatum H. vel illud, quod ignis de

3027 2542 843 115 ligno, humidiore oleositate ejecta, reliquit.

3017 2639 1837 137 Carcer, locus, in quo servantur noxii vel unde quis exire prohibetur J. L quo custodiae continensu

3015 2707 1676 130 ad terrorem H. domus ad eos, qui scelus putantur commisisse, in eam detrudendos facta.

3015 2787 1846 163 Cardo quasi cor jannae, quae scilicet illa movetur. J. L. plaga sive regio cardinalis, cui plagae collatera

3024 2851 1823 161 adjacent. L. P. Cunens qui in fora mine vertitur et aliquando ipsum foramen, limes ab oriente in occia

3027 2924 1804 135 tem; pegma, ex quo aliquid suspenditur H ancora jamae, quia eam retinet instar anctorae, ne

3022 2988 1825 151 moveatur; rec extremitas, quia cardo in extiema janua ponitur. M. vel uncus ferreus, in qua

3024 3045 591 99 janua suspenditur et vertitur.

3020 3148 1811 142 Caries vetustas vel putrilago. J. L lignum vermiculatum H putredo ex vetustate inprimis in la

3024 3226 1804 116 cum ea a vermibus rosa, scissa et quasi pulverata sunt. M. status corporis a vermiculis corroli.

3020 3321 1764 123 Carina infima pars navis J. L ex Festo. vel trabs ima navis, ejusque fabricae fundamentum

3029 3448 1719 99 Carminare pectinare lanam, ut careat eo, quodin ea haret J. L. vel carmine (hoc est pectine

4673 3425 122 70 Tunio

3029 3505 1712 113 ab immunditia repurgare. M. lanam perpectinem ducere ad amovendas immunditias.

4786 3486 66 99 lanc

3027 3602 1806 127 Carpentum pompaticum vehiculi genus, quasi carrum pompaticum. M ex Isidoro. a quoite

3027 3670 1830 116 velociter carpitur H. vel Vehiculum, tegumento quodam superinductum, quo ditiores utuntur ad

3024 3741 468 92 commodam vectionem.

349 4022 864 68 SOTTFREDVILHELI LEIBNIZ BIBLIOTHIEK

4229 4034 465 63 Signatur: L H a. 7B. 2. 12641.132

344 4100 874 59 NIEDERSACNSISCHELANDESBIBLIOTNEK
