4948 4289
3007 142 892 91 animal ferum cogere, ut feritatem deponat.

3017 76 1909 119 Domare mansve facere et quasi domesticum reddere. vi atque armis imperio sus subjicere J. L ex Sipont. vel

3010 223 1902 139 Dos quae marito ab uxore datur, it. quicquid alicui datum est vel a natura vel ab hominibus J. L pecu

3022 340 555 62 usum fructum ex ea capiendum.

3544 302 1363 131 ta M. res vel pecunia, quam nova nupta sponso quasi dono affert ad

3005 388 1921 136 Dubitare dicitur, qui non totus pendet in alteram partem, sed illi ita assentitur, ut in contrariam

3017 450 1871 152 etiam pendeat. Dubitatio est, qua suspendimus mentem ad assensum, vel est aqualitas rationum c

3015 524 1890 124 trariarum, odeoque acceptio utriusque partis cum formidine, nec ad alterutram partem determinatio

3019 583 1881 134 Dubitare quasi duas vias propositas habere M. nescire quaenam sententia sit apprehendend

3019 655 1104 102 inter utramque contradictionis partem incertum harere.

3022 733 1897 139 Durare durum facere et firmum, patienter ferre. J. L. duratios est mora seu permanentia rei in ex

3019 807 1378 103 sentia L. P durare est per tempus aliquod essentiam suam retinere.

3026 893 1848 148 Ebrietas est in potando voluptatis causa ad violentam usus rationis privationem excessus. L. P

3015 967 1873 152 abundantia liquoris vel succi H. vel est vitium, quo quis patus inebriantis nimium ingura

3022 1046 1542 176 Ebur elephanti dens, quasi e barro productus. vel vas ex ebore dolatum J.

3019 1160 1893 183 Ecclesia est coetus hominum ex universo genere humans collectus seu evocatus per Evangelium H

3029 1229 1868 172 vel est coetus hominum in Christo capite suo unitorum per verem, et vivam fidem, quam in ipsis per

3024 1353 231 79 Henichius.

3034 1443 1854 174 Ecstasis est affectus eorum, qui mente sunt emota J. L ex Lacantio. mentis motio seu raptus ex

4738 1382 164 104 3obsigna

3034 1513 1852 176 se. Ecstatili et enthusiostae dicuntur, qui extra se rapti sensibus destituuntur. L. P. Ecstasis di

3029 1582 1837 164 motio mentis a priore statu H. excessus mentis, qui fit pavore mentis, vel aliqua revelatior

3029 1646 1811 169 M. ex Papia. vel est privatio officiorum animae sentientis, moventis et intelligentis M

3034 1741 1861 196 Esurire cupere edere J. L. famem pati, M. appetitum cibi capiendi, ob jam concoctos a

3038 1832 1006 105 stomacho et digestos cibos antea captos, habere.

3036 1910 1833 165 Egere aliqua re opus habere J. L. rem aliquam, quae in servire nobis posset, et ad res nostras

3038 2003 754 98 peragendas requiritur, non possidere.

3043 2080 1852 147 Egregius ex toto grege electus J. L ex Festo vel qui reliquos sui ordinis dono aliquo naturae v

3029 2158 1199 110 opera atque actionibus variis acquisito anteire videtur.

3041 2246 1849 146 Electrum gemma nigri (erocei vel albi) coloris, vulgo Ambra. J. L. vel quoddam metalli

3038 2330 1864 109 genus ex auro et quinta parte argenti confectum, vel miptura composita ex septem meta

3041 2382 1852 134 lis, vel succinum seu succus pinguis, oleosus et levis, ignem facile concipiens, in speciem ten

3055 2442 1840 138 lapidis concretus; species nempe bituminis. L. P. vel est succus terra, influens in maria

3043 2511 646 102 flumina, et ibi concrescens L. P.

3041 2597 1833 150 Eleemosyna species liberalitatis, qua officia misericordiae gratis praestantur. vel donum

3048 2675 1838 150 quod egenis damus, vel officium miseris praestitum. L. P beneficium ex misericordia M pe

3043 2740 1092 114 nia pauperibus data, ut vitam sustentare queart.

3046 2835 1828 150 Elementum principium omnium rerum. it. literarum notae J. L. est id, in quod tandem aliqui

3046 2911 1832 131 resolvitur; minima et simplicissima rei, quae constituitur, portio. vel corpus simplex, quod ingre

3050 2966 1833 126 tur cmpiitionem, et mixtis materiam praebet illisque inest. L. P vel id, ex quo primo in sito a

3046 3033 1837 121 indivisibili specie in aliam speciem aliquid componitur. Niemererus ex Arist. vel est materia

3046 3102 1775 126 ex diversis rebus non composita, apta tamen ad compositionem cum aliis rebus faciendam,

3041 3195 1842 169 Ellychnium funiculus papyraceus, sive spartens canabinus ve, aut stupens, qui stans in ole

3048 3271 1833 153 peruritur. J. L. funiculus, qui fistulae in lucerna inditus uritur M. quod per longitudinem cas

3046 3335 1806 160 delae transit, vel filum, quod qu facilius adhuc ignem concipit, quam ipsa materia cana

3050 3393 1805 171 vel at fila per mediam candelam ductam, ignem sustentantia, cui cera vel sebum

3046 3471 452 103 alimentum praebet.

3046 3559 1825 143 Eloquentia bene etrecte eloquendi scientia, vel copiose loquens sapientia J. L. ex Cic. habitus incli

3041 3633 1806 148 nans ad animi sensa bene eloquenda, vel facultas bene proferendi ea, quae animo quis com

3053 3698 1825 164 hendit, vel vis de quacunque re docte et eleganter quocunque tempore diserendi. L. P. vel est fa

3043 3771 806 105 cultas copiose de re proposita dicendi.

355 4062 874 62 GOTTFREDNILHELM LEIBNIZ BIBLIOTHEK

4290 4069 460 67 Signatur. LH 4. 7D. 2. 12831-231

347 4134 878 69 NIEDERSACHISISCHIELANDESBIBLIOTHEK

4678 66 64 52 d
