4855 4225
2509 154 700 106 Abacus est plarum horizonta

2533 241 474 54 an plani porzantalis

3124 204 235 110 os mens

3378 178 402 103 itidem ad cibum

2516 293 489 66 vario inter se ordine

2939 302 1477 158 poncuum ponendos vel res ad pompam pertinentes in eo conocandor

2519 415 2234 150 Abbas est summus coenotri, praefectas, solitarium, fe prasectus monasteri virorum. itaquenadicantes nontabent abbatem, nam

3002 406 153 77 refectus

3199 415 54 70 viri

2570 483 277 61 solitarii non sunt

2512 539 1009 134 Abdicare curae alicupes rei renuntiare

2504 647 717 129 Abdere facere inperceptibile

2509 774 573 127 Abire desinere adesse

2500 906 974 152 Abhinc mimediate post nunc imcipiens

2490 1037 2125 246 Abhornere cum horcore rejiceretvel Commercium rei non placentis effugere conari.

2495 1133 179 94 conani

2507 1208 378 97 Abjurare est

2554 1258 544 89 est jurare negando aliquid aa se relatum

2990 1229 219 76 quod no

3305 1260 52 87 ere

3354 1222 45 99 ini

3434 1246 242 101 vsterum

3739 1258 85 94 ida

2476 1314 770 145 Ablactatio est a lacte depulsio

3547 1307 669 113 penpurio g xrer adjumento e

4221 1330 544 115 ti. velrem oreditam oe

4261 1300 363 77 vel rem creditam perjurii

2488 1441 1805 197 Abolere interitum rei procurare vel facere, ut res esse desinat, xrinctlimis sublatis

2481 1589 1808 206 Abominari tanquam malum omen abjitere M. ex odio odversus rem pertorescere.

2495 1704 1352 206 Aboriri foetum intempestive edere M. partum immatiorum eniti

2483 1847 961 159 Abripere e loco pristino vi adhilita aufforre.

2472 2004 1617 181 Abrogore legem id et legem rogatam tollere M. legem pertatam prortus tolle

2460 2079 749 99 gessum alicui tollere. hogata eorum ad quos

3251 2112 1416 150 Tactemus gertum abiomi adimere pertinet sentensi  toliervel officrim reteuus

2465 2194 281 87 Abrumpere.

2462 2253 747 82 et hiuc penmetongmiam insoemte minum dd

2875 2227 176 63 vam exo

3070 2218 26 77 i

3115 2227 80 70 um

2462 2326 564 112 Absolvere rem ad exitum

2462 2405 594 78 pronuntiare. Ab aliqua coactione

3054 2370 204 127 voieaonse

3352 2382 141 87 ducere

3159 2434 524 119 a por Titer ui oluo n

3812 2441 73 94 2. c

4411 2403 312 103 veletiam a cuspa

3800 2478 99 59 esot

2448 2513 1242 188 Abstemins vinum non vibens M. Vel a vini potu alienus

2624 2645 162 84 ab aliquo

2486 2689 2310 221 stinere intrbere manus et animum arebus alienis P. vel re quadam non uti. inclinationissnae efertum ad aliquid actum inpedire

2432 2783 272 104 Abturditas

2429 2856 360 73 Auditu omnium ap

2979 2842 148 75 quam

2746 2870 547 108 homanum et  eMi s audimma

3695 2948 1094 133 stam saditatem nounem sensum alib mores hominum est,

2419 2985 2069 254 Abundantia est rerum talis multitudo, ut, si et ins quitusdam utamur, varia tamen supersift

4000 3079 99 61 satis

2418 3139 1582 187 Abusus est rei ad alium usum adhibitio, quam inquem ea comparata est

2608 3227 1545 192 et perditio P. vel quando rem in debitum finem debito modo non dirigtmus a

4019 3295 70 54 vel

4192 3302 104 80 mnn

2422 3356 1033 146 Abyssus est profunditas, quam metiri non licet.

2421 3480 1147 169 Academia est locus, ubi eruditio protundior et C.

2453 3560 709 85 et ad exercitia corporis et collegia elegantiorum a

3453 3570 1315 112 a intituta s popaegatur, vel ubi per pluces dahina vito digna propagatur, itaue

3864 3635 324 79 ruditorum applicari p

2610 24 418 119 Ex inces explicatus

3242 22 209 53 Eoo Oro

3638 35 1200 94 NB. Per literam P. intelligitur Ausonius Popma dedifferentiis verborum

3737 82 1049 94 per B vel J. L Thesaurus linguae Romanae vulgo Forum Romanum. per

3779 176 80 65 et

3892 169 84 78 goro

4162 180 23 54 t

4351 183 151 94 dophricum.

4498 150 340 84 Chilosophicum Micrali

4218 206 89 72 aas

331 4002 878 58 COTTFRIED VIHELMLEIENIIZ BIBLIOTHIEK

4195 4004 490 75 Sionatui. LtI a. 70. 2. 12331. I

314 4077 895 56 NIEDERSACNSISCHELANDESBIBLIOTHEK

4406 354 387 85 Mensa est ad assidendum

4488 250 289 85 est dpecieensae
