4296 3668
50 140 997 102 possibilite de manquer a moins qu'elle ne se

52 216 1007 93 detracque, ce qui ne se peut faire qu'a

59 279 1033 91 la longueur du temps, pourven qu'on ne luus

65 336 1023 104 fasse point de violence; on voit bien que

59 413 1053 96 la seurete y est toute entiere, au lieu que

61 466 1074 126 les plus les plus habiles maistres manguent bien

55 533 1149 131 souent en des grands calculs; mais la prantitude

48 611 1021 124 en est estranges. Car il est tres veritable,

46 686 1136 122 quoyque il semble paradoxe que la multiplication

46 772 1042 106 ou division o sont plus aiseces que

69 821 1051 128 I'addition ou substraction même, la meme

44 896 1066 133 grandeur des produrts estant posee. Sout

46 982 1133 110 se passe comme en jouant sans aucune application

61 1043 1029 120 de l'esprit, sans qu'on ait a deviner en

55 1088 1428 146 cherchant les quotiens des divisions, ny a recourir en Multiptiant

57 1185 1043 115 a la table pythagorique :et il y a n

93 1259 153 65 nombres

57 1253 1045 124 regidus a retenir, nx preuues a faire; la

50 1330 1089 124 machine portant elle même sur soy lasienne

134 1412 954 108 Le Projet en estoit au commencement si

50 1473 1036 110 hardi que ceux qui s'estoient melez de cette

358 1540 275 69 ent n'ayoiei

40 1540 1107 126 recherche,vijamais espere seulement

1086 1593 71 57 tum

50 1632 1142 93 les deux principauo avantages qu'on vort executes

57 1699 1131 102 rey dantle, dont le premier est que l'operation

664 1758 79 51 an

48 1768 1013 118 foit aasi promte en nombres a, multipli

205 1842 57 51 e

953 1758 310 118 colulemx quisont

59 1834 1047 105 en nombres diviseurs grands petita.

752 1893 52 44 d

65 1903 1059 108 l'autre que la multiplication, se fasse sans

44 1942 1252 144 addition et la division sa s subostraction multiolicatione

42 2050 618 110 ententremeslees.

959 2047 245 88 considerer

130 2100 974 131 Pour le comprendre micux, il fant er

69 2162 1060 136 a quelque desiription la figure de la machine

307 2222 951 125 caisse est A. les deux parties principales

83 2270 104 83 dont

81 2278 1151 151 piec es puincipates, qui portent tout le reste B sont

108 2351 1035 137 B et c. dont Dont B est iumolite, C a dance

83 2404 1035 141 ou recule Be sert tousjours a laddition

85 2464 1113 138 et substraction aussi bien la multiplication

79 2579 304 80 et division.

454 2524 746 125 C. inest fait que pour la multipli–

110 2592 1177 130 cation et division, et pour cette raison nous l'appellerons,

77 2645 1047 154 la piece de Mulsiplication.

73 2708 1102 148 dans la piece B. ne sont po que pour Paddtion

85 2767 1080 142 et substraction, quoelles servet aussi

1215 2828 256 86 Anneam

63 2832 1031 135 vicidemment dans la divition patie qu'elle ess en

77 2853 1781 193 effectainne substraction repetee, Les R Les Glindres des Neduits sont

93 2942 1033 159 Lec Recies de Multiplicatio marquet dE,

1336 2962 787 147 expur en slebstrane dans la substunt

71 2922 2062 242 ils portent les nproduits de laddition et multiplication, et par consequent anssi les nombres, donnes

105 3052 1254 153 car quovu ita portent les nombres it diviter onilli

110 3070 2003 182 ou a e E les _ nombres donner pour enfonostrac dans la division ou subs substraction

199 3130 1910 181 parce que ces deux operations sontscenversees des dux premone Ces Roces eAddition

434 3176 1701 148 et loums estindtisdes troduit sont distingueque ea lem degrequ par _ Mots: Nontres dinarie, centaius

1292 448 758 81 dons B (appellera la piece immobile

1283 489 812 91 C. la piere mobile, on la prece de tmi

1277 542 775 95 tiplicatium, D. les noues addition

1259 625 807 73 F les iones de multiptraenon, et

1294 652 778 104 a travers des hrous E parvistrout

1318 709 793 102 les produits; le Corte Toui C nest

1328 768 754 100 que pour couter combien nous

1318 813 768 116 farsons de toux de maniveles. HI

1336 876 775 112 exemple du mot de Contepas.

1624 1000 446 102 e prodiit de addition

1603 1055 506 90 nultiplicaton pent estre

1575 1096 493 98 pris pogrt pombre,

1563 1141 542 100 drunel Laris de mullicnlicatiaon

1459 1181 663 115 de la pronne parta mul la soubstrua

1520 1255 308 104 stim in ervssim

1646 1381 285 98 et par consequent

1379 1423 773 133 ux dixaines celle qui estoit anx an dessous

1377 1489 744 116 des dixaies sol transferee auo centaimes

1381 1536 726 126 et les auties a priportion, d'un pas

1389 1595 699 120 ox d'un depre, eequi se fait dans

1369 1644 768 110 a Multipilication, a chaque commence

1379 1679 695 118 perrent d'une nounalle eperation (et

1369 1707 781 133 a dire pr un noe autra chiffre an Mul–

1371 1760 746 122 tipliant; le contraire arrire dans la divi–

1379 1797 748 128 sion, ou les frcesent e Multiplica

1359 1831 766 137 tion reculent, et marcent d'un pas de

1351 1886 746 137 gauche a droit, a eaqua chaugementi, de

1850 1923 271 78 le tout exemple

1402 1966 379 88 chifre du diviscur

1834 1974 271 102 le papien.

1377 2003 440 112 de ce qui se fait. sui

2294 78 944 119 Mais l'uvage en paroistra d'avantage

2176 160 962 113 mieue par quelques exemples. Supposons

2178 226 956 116 qu il nons faille faire addition d'une

2190 309 820 114 grande page de nombres donnez;

2406 370 176 100 2137

2435 442 157 93 he

2722 393 607 144 et depladieur canitres quiffassent

2414 511 461 100 que nousne nommerons

3030 505 232 79 2137 Lq

2474 578 101 61 pas, est

3061 566 101 100 379

2170 595 772 103 et pour le faire court de plusicurs autres

2182 643 1099 119 qui fontersi H encox qui egalent.. 2522 pour

2203 698 963 125 dont il faut chercher lasomme totale. 10038

2243 768 1027 136 Comme nous supposons Comme nous faisons

2198 837 1015 118 que T'addition) il faut poser que les Roues

2209 908 960 121 de Multiplicaton F soient sur le 0 ou

2192 969 1015 135 zero, cest a dire par les tous L dont

2209 1063 454 92 elles sint percees

2221 1096 990 153 je suppose premierementque les cylindres

2186 1169 1099 141 des produitis marque dE soient sur le zere

2188 1251 993 126 c'est a dire que le zero ou O, ex paroisse

2188 1308 1005 126 a travers des troustsdont la placque B

2194 1371 999 136 est percee er il nous est indifferent par

2196 1436 979 139 de preceder par colomnes des chiffres, a la

2196 1495 1032 155 facon ordinaire, et de prendra priemerement

2211 1566 1293 137 les nombige 7. 9 etc. par apres les dixaines 3. 7 etc

2187 1636 1045 145 et les centaines 1. 3. et etc. ou de prendre

2194 1699 1019 147 par ordre les nombres donnez, et de mettre

2198 1766 1031 147 dans la machine premierent le nombre

2194 1836 975 142 2137 par apres 537 O. etc ce qui

2192 1907 1032 155 paroist plus naturet et meme plus aise

2207 1972 1097 147 et il pent arriver que pendant l'operation

2221 2034 1361 146 il s'offre des nombres nogueaux produits peut estre par

3336 2117 177 75 midaux;

2203 2115 1076 157 sans parter d'un certain grand usage

2209 2174 1049 179 que cela aura dans son hon, anquel

2217 2243 1049 165 persor aPour mettre donqu les nombres

2217 2308 1047 149 dans machine a finde les adsoiter in smble pa

2198 2351 1319 171 exemple le nombre 2137, a fin de faire l'addition, ousombstractios

2190 2410 1365 175 il fart onsiderer, que chague Houe d'Addition  est composcet

2188 2488 1101 150 tuois cercles concentriques ou limbes differentie, dont

2186 2534 1160 155 linteriem et extericur trois pieces, Eela virgule DO

2188 2608 1050 151 qui est fixo dans le Centre D et qui regarde

2190 2626 1631 186 tousjours le hero ou O. par apres la Roue ou plus tost la rond Dmm

2190 2724 1025 143 on arcl  in cela dire mobile a l'entour

2191 2779 1012 141 du centre D, feurmi  fourni de dix dents m

3046 2832 188 82 le limbe

4128 2830 135 69 substrat

2207 2863 623 116 percees au milieu; et enfin

2215 2883 1072 143 ou anneam concentrique exterieur, immobile, divise

3471 2869 794 130 res interiemes de dioit a ganches po cdd

3519 2934 556 90 exterieurs gandre a droit

4079 2914 186 69 Carditior

2207 2950 1198 151 de en dixparties egales e 8. 1. 2. 3.,4. 5.6. 7. 8. 9.

2217 2967 1865 193 Apresent, infii de melt datis  machine par fait par exemple lodito de mubr

3497 3019 711 115 niie piturus dixaines ef des nombrus

2239 3083 1031 138 les nombres Z. et g. Prenez une cheville propre

2194 3123 1569 171 a cet effect, et en axant enfonca la porite dans le tron de la dest n i

3327 2058 272 81 en calculant

1280 2184 870 106 de Multiplication marguees dest F. la Manivelle

1300 2581 509 88 qeata eemple aut Nombres

1357 2113 770 132 a pece de Multiolicationhorte les Roves

1314 2241 817 110 HI, et le Conte Tour G quila son nom de

1314 2286 803 110 sa churs (a l'exemple sdu contepas) par ce

1320 2329 819 116 qu'il conte les Tonu de manivelle avancant

1326 2378 805 93 ou recutant d'une sunite autant de fois que

1318 2418 801 102 la Manivelle fait un Tour La dite piece

1326 2451 817 124 C peut alter a droit et a gauche on estre quancet

1402 2490 711 106 eculee, avec topt ce qu'elle porte, a fin

1508 2530 609 88 ve de Aultiplication, qui respondoit a

1193 2631 938 126 s'appelleront Rouessa Aedition partequelles

1623 2826 502 88 e

1604 2683 529 94 er ces deux operations st les

1393 2718 736 102 et renverses des deux premieres ut it o

1815 2751 318 73 sivae memet nour

1632 2781 112 86 panu

1630 2793 479 76 , et alois none pogone

3396 1530 855 106 Tasjonteris nns alli cifre de sen amma

3215 1744 141 106 a e

3360 1974 891 98 l operation memescomme il arrive

3782 2598 461 75 lone D aas dixgines

3318 33 882 91 Cela estant remargue en general, les Operation

3311 89 891 102 des 4 Efferes seront plus aisees a entendre

3327 146 903 100 Et premierement o l addition et divis soub

3327 201 928 114 Bnction, il fant tommeru le e. la poinite

3372 250 879 124 R, de l'index F, des roues de multiplication

3378 307 879 127 a fin que le7ero paroisse a traveis des trous

3370 362 864 131 Lan ticu de b   que nous y

3380 419 873 129 voyez varoistre dans lafigure que tonte

3385 476 880 131 ta Machine soit sur le 3ero,  est adire

3387 527 853 139 que 0 paroisse a traveis des trous E, sui

3395 590 868 121 les anneaux des products et a travers des

3391 641 868 117 hrous L, dans les noues de mulsipheation,

3378 684 889 135 pour londoition la soubstraction le 0 parois

3391 741 835 125 par L. et le l nombre dont il fant

3951 784 312 88 er on pent faire

3446 808 379 90 ubstraiie n E.

3266 829 1005 130 nettre dans lama osine on farep avistrepes E, quelqua

3301 888 929 120 le zero paroistra hiffres qu'on vondra en

3354 939 915 136 toumant la roue D, qui fait marcher l'anueam

3358 986 864 144 2. par exemlensi  O paroism lE

3347 1043 908 136 deus Nomtias, et sur l CE des digaines et vons

3352 1098 852 132 vonlequey ovulerue mettre 38. Enfolicez

3368 1151 879 124 lachaville, une cheville, comme vonse le quyet

3389 1185 849 129 fart sui la figare, dans le trou, dont, la

3387 1226 853 139 heut qui repond a e, dans Meeq a dent

3303 1279 937 127 delv dantum defatone q qui qu vis a

3352 1322 907 124 vvis dea nantas d'additioro car autant

3366 1363 874 130 de tant, que vors Peraaller de la louce D

3380 1408 854 122 que vors feres alter en la tomnant en seas

3413 1454 834 111 de gauche ae droit en asens que vcon

3546 1487 711 100 Arent les lettres DnM autant d'uniteu

3548 1569 695 93 E. et autert dechiffresen ostercus vous

3367 1603 871 118 eu toumans la hoce D en seus conttaire. Et si

3319 1644 930 132 es, untet adjontee s on solb

3501 1695 725 108 sirpussent cet a dire si om

3374 1744 76 83 ite

3397 1725 827 127 dc D ancut fait sur commene ut ant

3283 1815 97 53 n

3407 1772 819 129 ut fait plub acheve un toum Oitournant du

3880 1838 375 79 Fanneam des produi

3450 1799 799 122 autant pl'unites adjoutere)  ofr

4047 1882 189 68 ns si roue

3941 1889 98 55 dixai

3202 1860 150 114 reloreu

3411 1884 375 76 rer oous ur lec

3660 1917 106 51 nteat

3509 1933 132 45 riur ex

3358 1909 842 127 talle bes nombres ae nons

3587 2027 672 100 les nombres triangulaires ou pyra

3551 2078 710 135 2se done de ladditious

3837 2139 346 90 on soubstraction em

3623 2180 88 94 lex

3853 2182 365 84 pende mots est telle

3596 2227 663 91 Une grabos paro de chiffes A antidgnus

3594 2270 657 91 prci et pduit,epat sunte

3637 2304 626 96 dars Fadditu ou r a prenez Runc

3560 2345 695 98 colomne apusanties et la mettez dans

3768 2376 477 89 Cgonende la madhieque

3784 2420 463 80 lum  parile moyen de

3808 2490 439 79 nombrs par te moen ala

3764 2457 438 80 la rone i  repondi

3583 2530 674 82 la Nrcolomus roue des nombres les dprius

3861 2565 394 73 par le mojen tela

3939 2642 128 53 no

4171 2661 78 41 dan

3951 2663 167 61 sutet

3419 2683 404 80 Merchez la chiffred omnea

3868 2687 377 80 imnobile de la roue

4130 2724 108 92 iticud

3982 2738 146 72 pusu

3374 2726 434 71 les cppes cutericures du

3403 2751 497 83 podition qui repond a la cose

3350 2767 668 104 tuc la 2ve des nombres, et lyvial p

3346 2785 862 139 d'unc daville propre pour cet eAcor; menez ea

326 3468 715 61 GOATFREDVVILHELM LEIBNIZ BIBLIOTHE

3688 3478 406 51 Signatur: LN 42. 4. 1. 1061.332

313 3533 736 61 NIEDERSACHSISCHE LANDESBIBLIOTHEN

3768 3237 86 104 3h

3999 3192 271 125 dent ident

3446 2433 275 71 pemierement

3435 2477 312 93 del'Arrest ou
