4978 4635
638 97 1445 114 imagines quae rujus maginis effectum in nobis impediut

2158 103 247 97 Effectus

614 162 1827 103 autem imaginis in nobis est vel ex natura ejus, vel ex natur a concomitantis

587 218 1859 127 quod a nobis distincte non agposcebatur. E seg (ubi semlem semel percepim

594 275 1860 131 experti sumus aliquem effectum onjunctum cuidam  imagini  semper

607 339 1852 137 proni sumus ad idem imaginandum, (ac si iem esset effectus in nabis) seu ad eod

605 419 986 124 modo agendum, us tunc agere conabamui

1717 396 716 103 Itaque sentire est gacum

630 458 1824 152 conatu impediendi aliquam imminutionem, vel procurandi auctionem nostrae poten

630 520 1824 154 tiae, ex inde orto, quod eadem imago conjuncta nunc est, vel olim fuit, cum tali

643 569 1821 164 imminutione vel angmento.  Statuere vero es (credere vel scire) est

638 636 1831 157 Et quide  semper conatus ille sequitur, nisi aliquis contrarius conatus eum impedia

633 690 1803 157 sive quod alias experti sumus, imaginem hanc cum tali efectu non fuisse conjunctam, vel fuisse

1591 728 868 121 statuere vero ( credere vel scirest

633 826 240 77 conjunctam

906 777 536 111 cum effectu contrarios.

630 782 1839 163 est imaginari duo e eo simul animi statu, ut si nunc  sentires A, conaturus esse

481 836 1978 196 agere ad ea impedienda vel promovenda, quae cnaturus esses ua senteres B. itaque

638 898 1787 170 si revera sentias  et  sic agas, ad si promovenda vel augenda, quae fact imper

656 939 1790 186 da quae oblato cum Aentires B., utique statuis A esse B. Quin et revera etiam si

625 988 1842 191 non a sentias A, tamen si statuas A esse B vielu re aliquis conatus esse

619 1048 1824 198 conjunctus, senselicet, quia rur solet ipsum A ster aliam propositionem cum

641 1102 1797 188 eo conjungi, quod nunc revera sentimus. Neque videtur unquam plane ofiosa

621 1151 1802 195 esse nostra cog unimi sententia sed semper cum aliquo conatu conjuncta

636 1215 1733 188 Sed qui major minorve est prout longius abest, quod cassuat fortia qu

661 1259 1770 201 prout vivus sive clarus est conceptus, et plus minusque efficaces

651 1313 1790 188 sunt conceptus eo imagines, quae ponatum istu impediunt. Cognoscere

669 1369 1764 181 Ex his patet quamtam latitudinem habeat in nobis ostinio, ut saepe ipsi dutilumus

646 1429 1769 175 qu de sententia nostra. Unde et magna vis est voluntatis in opinionem.

687 1470 1705 185 sed redeo ad enumerationem  cogitationum. Itaque cogitamus id est

659 1524 1717 190 intra nos agim s.)  Concipimus seu imaginamur. S Intelligimus(sem

616 1578 1737 206 distincte concipimus) sentimus. Perciptimus (seu cum certitudinesentimus A

638 1629 1767 212 datuimus. Scinus (seu cum cirtitudine statuimus. Cognoscimus sc a

656 1691 1726 196 se quo aliquid vere cogitam Notita Cognoscimus quod vere statuimus de

620 1848 340 109 quo aliquid O

1022 1735 1432 167 statuinius. Pasernatum autem REnantiatio cogno scimus alius

661 1805 1746 170 tiam cum nihil de re enu tiamus sed tantum quaerimus, plus et enim cogitare

636 1835 1800 191 quaertionem aliquam,  abe de re quam nihil. Ita ut cognitio aliqu

646 1897 1787 183 ilicujus sit quaecunque de eo cogitatio,  quatenus error abest, eoque major est

654 1944 1766 185 cromtio, quo plus involvit varietatis. Omnis autem Cognitio actualis aut

661 1995 1739 201 habitualit est. Et quidem etsi revera nihil unquam ex animo deleatur ea

661 2165 289 90 tamen ocire di

996 2049 1411 160 nur quae facile ubi utile est, actups

669 2090 1751 204 alicimus ex mente nostra sive cogitamus sive cumpancis opus est, ad rem ubi utile

648 2155 1767 201 est cogit cogitationem actus ubi opus eficiendam us Ustima Cogi.

638 2209 1762 198 tationum est voluntas. Est igitur voluntas natus velle contiri seu agere

641 2263 1720 193 ob sententiam. seu ideo quia statuimus. Conari inquam intra se. Est enim

1758 2312 662 116 effectus alii sunt opiniones

628 2371 893 149 voluntas primus quidam conatus internus

641 2356 1777 213 ut spes metus, alii sensus seu perceptiones, ut voluptas dolor. alii sunt

386 2423 2057 221 prcantates seu cupiditates, ut ira, libido; Est tamen in sperante tam opinio quam voluntas. Holaptas

605 2479 1795 211 est perceptio ejus quod nostram potentiam juvat; dolor ejus quod eam coercet ac

633 2518 1803 216 simitat. Si tota nostra potentia praesens juvetur vel coerceatur, est laetitia vel

620 2587 1816 204 tristitia. potest enim simul et coerceri potentia nostri,  Et juvari

625 2644 1775 196 decundum diversa. Opinio autem futuri etia praescntem cum nos turbet, etiam

633 2696 1787 195 praesentem nostram potentiam aepe coercet. Sed malum est necessarium, quia

628 2752 1785 204 ea copus est id malum praecavendum. sed quo minus noceat hac arte opus

710 2819 1703 173 ut ube semel de remedii coritaverimus, matum ipsum parum cogitemus.

643 2865 1749 209 tem ut de malo cogitemus, non ut nostro, sed et at te e iu, qui nobis est similis.

679 2920 1731 208 Calerum ex nis patet omnes Cogitationes nostras in his consistere

656 3017 1749 196 En_.  ces Eadem et Diver sa.ammmet

1184 3087 1192 149 eantequeatiae est C cla citet quea nto

625 3164 474 111 a et detita

618 3151 1820 196 teptes similia et dissimilia, seu eadem et diversa

625 3218 1808 178 qualitate. Prieim habentia seu eadem et diversa quantitate,

625 3280 1785 175 in quibus intelligitur totum et pars continens et contentum seu totum et pars.

600 3339 1820 168 et Numerus, seu quod est, ut tan totum et pars respectu unitatis.) positionem

630 3399 1767 164 padentia, seu edem diverra modo roistendi posto tavertea  eadem

602 3447 1774 173 et diversa per modum existendi positi Coincidentia, et positionem inter L

612 3491 1831 188 habentia, seu eadem et diversa oo solo modo existendi (non eo quod essentiam

1560 3548 765 105 idem durans in eodem statu, vel

455 3602 940 154 aliquam exprimit ut quantitas & qualitas)

605 3586 1764 199 mutatum: (unde tempus, et tempore prius, sil t posterius et simal)

1555 3620 883 152 Ea quae consequentiam inter se habent

602 3751 229 93 Caus

888 3710 471 108 seu natura prius

1362 3715 731 119 Nes et attributa. Idem et diversum.

646 3805 134 85 factem

942 3772 224 90 s quae cq

1478 3749 909 113 Res seu subjecta eadem ved diversum.

666 3811 804 121 Rlatitus. Oate fuciceta divers.

620 3803 1756 195 Consequentia quan calsa ipser intercedunt. Ordo inter ipsa, quo unum alio pxius unt

1267 3883 435 105 tempus A uso

1856 3857 533 113 similitudo. Quantitas

623 3944 489 96 posterius est natura. c

582 3916 1820 170 et proportio, ubi totum se parspi numeri. Extensio tus ubi situs;  entis

1473 3978 914 100 Cogitatio et seusus sententia ratiocinat

526 4035 707 105 unde Motus et Qvies. Vis et Rexistentia

844 4089 175 59 in illo

1030 4004 1375 146 tro; sensus perceptio, sententia scientia. Voluntas, affectus, habitus

449 4089 1302 120 Voluatas confutae qualitutes: Calir, color, dor, sapor, sonque se

2559 115 1866 139 Operae pretium est enumerare Terminos simpliciores per quos  alii

2523 221 1831 139 possint definiri. n seu possibile.  Exstans est ellud poesibite

2521 293 1823 144 quo gubite plus poniture sealitatis Possibile est Primum

2536 365 1875 150 occurrit Cogitabile, quod si confuse quidem cogitari possit, distincte autem

2516 432 1859 165 cogitatum involvat contradictionem est impossibile. Sin distincte cogitari

2531 496 1834 168 poss queat possibile appellatur quod rursus aut est Negati positivum ut

3654 558 672 114 Eus Omnis eterminus

2536 587 1025 157 ut Ens, aut negativum aut non Ens.

2523 607 1844 201 positives Porro in omni termino positivo, concipimus subjectum aliquod

2534 674 1838 198 et sive Rem, et Attributum seu Rei Modum. Ultimum subjectum

2526 733 1890 214 substantia appellatur. Et quoniam ex notiore subjecti ratio reddi potest

2528 813 1855 196 patiributorum reliquae res vocantur accidentia. Si dicatur Terminus

2526 875 1831 188 autem substantiam exprimit qui es Et cum ex notione subjecti semper

2528 934 1955 196 ratio reddif possit attributorum, hinc Omnis notio ex qua omnium ejusdem

2521 999 1872 195 subjecti attributorum ratio reddi potest, est notio ipsius substantiae, et Terminus

2531 1053 1931 201 completus ipsam substantiam exprimit. Et si  Detur propositio: Y est B

2516 1114 2042 206 sitque A subjectum uttium, ita ut non detur alia propositio, affirmativa sitque Y quodcunqu

2531 1184 1934 196 subjectum de quo dici potest B. Et sit quodcunque attributum ipsius  nempe

2559 1238 1759 191 dico si ex eo quod Y est B demonstrari potest quod Y est g. fore B

3909 1308 427 95 Si non volumus

2531 1333 1349 173 terminum completum substantiam exprimentem.

2541 1359 1764 201 altis uti terminis quam concretis, positivis, possibilibus, cessat,

2570 1424 1898 185 reliquorum consideratio Ut substantia se habet respectu omnium verit aut

2559 1454 2256 242 si vera Ac etg Bluda cest si ex propositione A est, sequitur Bnon est, et non est

2552 1537 1802 221 tunc vicissim sequitur ex propositione  B est, sequitur A non est

3667 1614 692 124 Si  ex propostione A non

2541 1655 999 173 erunt et A, B,  dicentur nta,

2526 1684 1772 206 est, sequitur B,_ est, tunc vicissim ex propositione B non est

2526 1763 1787 188 sequitur A est, quae tnc A e B dicentur nondum nomen invenere

2505 1825 1862 196 cum scilicet unum saltem eorum existere debet possis appellare, incon-

2523 1967 379 105 destructibilia

2925 1977 31 70 d

3085 1864 1388 180 Si quae sint simul incompatibilia, et indestructibilia

2508 1933 1998 217 sunt opposita, ubi nempe si posito A non est B et si ex propositione

2526 1985 2021 242 A non est sequitur B est, et ex propositione A est sequitur B non est. (ac proinde

2552 2067 1748 201 et vicissim) Npesst nteu possunt esse plura  incomponibilia

2518 2126 1785 212 item plura quam duo incodestructibilia. sed non possunt esse plura quam duo

2528 2183 1839 214 simul incondestructibilia, et incomponibilia, seu non possum dari, plura quam

2528 2353 356 108 duo opposita.

3000 2247 1455 194 Si ex propositione A non est, sequitur B non est

2534 2338 1841 208 A A erit Conditio, et B conditionatum. Si ex Propositione

2523 2443 1455 186 Ann est sequitur B est, A est inferens, B illatum.

2580 2477 1834 208 Dantur conditio et inferens praesumtiva; ut scilicet pe se ipsis A et B

2526 2556 1851 199 per se spectatis si nihil e extra ipsa ponatur quod impediat, A sit

2536 2603 1937 201 conditio, B conditionalum, vel A inferens B illatum.. Atque his deberent

2536 2762 726 114 peculiaria imponi nomina.

3337 2683 989 134 Quemadmodum et si consequentia quae

2526 2747 1782 201 condionationem vel illationem facit, sit probabilis, quae differt a

3739 2837 116 85 versa

2534 2899 285 116 praesumtiva

2662 2865 1692 178 i natra t  quo Eademasunt quae sibi matuo sub-

2523 2974 775 123 stitui possunt latum veritate.

3425 2922 1259 137 si A sit D, et et B sit D, sitque sintque A et B eadem

3703 2994 716 121 sin diversa sint, erunt plura d

2516 3033 1135 149 sitque A et B idem, dicetur esse Unum D.

2626 3074 1790 167 Ex duobus quorum unum altero simplicius est, s et facilius intelligi

2544 3133 1754 188 potest, illud est dicitur Prius natura, hoc posterius natura. Unde

2549 3205 1877 170 consequitur ex omnibus substantiis nullam facilius intelligi quam DuM

2528 3283 1177 167 imo nihil aliud nisi per DEu perfecte intelli

3765 3296 267 87 different

2621 3326 1713 168 Si duo sit incompatibilia existant. erit illud eorum prius

2523 3393 1826 173 et tempore pri siet erit, quod est natara prius (posterius) illud quoqu

2510 3458 1849 167 prius  vel posterius alio est (positis ambobus existentibus) quod simul

2518 3514 1736 173 est cum incomponibili alterius. Ut si A sit simul cum B, sintque B et

4259 3558 82 70 pore

2544 3589 1870 147 si incomponibilia, et sit etiam C, erit A prius et posterius quam C

2523 3643 1798 155 Aiae Duo opposita si ambo exis si duae propositiones sint ver

2536 3697 1762 155 contradictoriae suit verae quae contradictoriae apparent, excepto uno

2508 3736 1931 210 discrimine, quod exteae ex solis externis agnoscitur, tempore different

363 4398 860 72 GOFIFRED VILHIEIM LEIBNIIZ BIBLIOTHIER

4354 4413 417 62 Bignalur:. LHI a. 7B. 3. (37).13

345 4477 873 70 NIEDERSACHSISCHE LANDESBIBLIOTHIEN

4448 82 238 72 quo pagm

4506 98 348 97 Aultimade

4553 169 303 65 coptande me

4529 218 335 111 tentur exerpi

4519 535 258 106 THtB

4491 1617 360 85 F quae non possunt

4540 1655 221 101 esse ambio

162 1172 461 107 +vel plures propositiones
