2506 4236
110 83 1086 131 Lectoris non satis consulunt, sed quia

98 162 1110 134 rationes causasque naturales conclusionum

96 232 1291 149 quodammodo occulunt, ut non facile agnoscatur

89 303 1302 153 modus, quo ad ad inventionem sua inventa

98 381 1291 139 obtinuere. Cum tamen in unaquaque scientia

73 456 1408 148 illud sit potissimum, nosse non tantum conclusiones

80 527 1354 150 earumque demonstrationes, sed et nosse inventorum

96 600 1251 157 origines, quas solas memeria retinere sufficit

94 663 1248 181 quia ex illis caetera possunt proprio marte

101 727 1222 179 derivari F. Itaque cujusque scientiae Elementa

80 807 1229 176 ita scribenda sunt, ut lector sive discipulus

1707 882 266 112 ontaem sequi

110 859 1760 176 semper connexionem videat, et quasi soeius inveniendi Magistrum e

63 983 50 120 n

153 931 1132 177 lagisno esse videatur, ita minus quidem

108 971 1547 189 admirabiles apparebunt scientiae, sed magis utiles erunt

101 1134 337 108 fatit facilim

548 1084 551 111 poterunt promoveri

1295 1021 582 127 Hinc sed ad tradendas

122 1081 2110 208 ad scribendas hoc modo feientias, opus est viris inveniendi capacibus scribere eniu

292 1134 1947 190 Initio ergo ponendae sunt definitianes eas ita debent, quem admodum

113 1188 2042 216 plerorum terminorum scientiae Hae collocandae, si eas ipsi invenissent

737 1244 1524 196 quod non est cujusvis. Porro hinc patet etiam

122 1353 480 141 sunt eo ordine

162 1371 1286 186 etiam non erit  necesse definitiones separatim

117 1454 1239 190 praemitti, atque axiomata, sed ea in progre

113 1532 1165 183 et phaenomena sive propositiones; sive

120 1576 1198 221 experimenta. Sed ea ita assumentur, ut

120 1644 1234 210 primum naturali ordine meditandi eorum usus

117 1795 290 125 sese dabit

244 1743 1209 222 Prepositionibus ordine inventorio dispositis

101 1819 1298 237 subjiciantur indices, in quibus disponantur ordine

101 1861 1404 252 sive catalogi, in quibus inventa jam atque intellecta

110 1939 1430 240 ad facilem contrectum atque combinationem instittendas

127 2002 1418 257 velut in Tabulis ordinabuntur. Unde multa nova

141 2096 1347 224 exurgent, de quibus alioqui non cogitassemus,

162 2186 1295 228 et harmonieae quaedam apparebunt, siv series,

167 2256 1269 215 quarum. filum sequendo ad majora aditus

202 2268 1884 266 natebit. Haec lux etiam in Gematria deest Mathematicis desideratur

106 2318 2091 305 itaque quemadmodum aliaescientia pe methodus i Arathemalicis certitudicnem

124 2414 1974 301 perfici debet exemplo certitudinis Geamatriae Mathematiaae dist pet

157 2529 1392 236 ito vicissim Mathematicorum asperitas blandiore

115 2579 1745 280 aliarum exemplo mathematicarum ad certitudinem eniti debent,

115 2668 1342 264 ita vicissim mathematicorum asperitas blandiore

146 2767 1217 228 quadam tractandi ratione  mitiganda est:

155 2835 1208 212 ut simal haec duo obtineamus certitudinem

626 2882 737 174 instra et voluntati fidem

169 2998 408 138 et Claritatem

642 2946 768 188 et animo causarum avido,

228 3078 346 120 sorqueamus

117 3134 547 146 clare satis faciamus.

299 3209 391 137 In rebus qua

935 3172 532 165 figurae sive schemuta

374 3235 553 158 Adhibendae sunt ubique

110 3238 1512 261 quatonus commode licet, verum unum hic observandum

129 3311 1500 242 est, majoris ad re perficiendas scientias momenti, quam

160 3379 2176 226 quis facile sibi persuadeat. Nempe et positiones propositiones et propositionum

87 3475 1323 222 et positionum demonstrationes, ita concipiendae sunt

80 3527 1399 247 ut totae legi atque intelligi s etiamsi schemata abessent.

98 3605 1315 235 Adjicienda est tamen in parenthesibus perpetua

134 3661 1611 231 ad literas Schematis remissio. Posterius juna necessarium est

164 3746 1432 198 ad juvandam imaginationem. Sed prius necessarium

190 3795 1753 193 ut ad juvandam mentem, parandosque conceptus distinctos, atque animum

433 3857 1474 191 al imaginibus abducendum: ut passimt etiam in venire sine

1314 3946 220 93 discamus

1575 679 881 123 inn

1700 753 767 129 lrx, et demoastrandt rigor et

2091 870 365 68 et qui seigu

2076 915 380 92 veras rationes

2103 955 231 83 tenent

1559 2676 522 123 Fcceterarum exemplo

174 4106 445 49 COTTFREO MITIEIM LEIBTIZ DIBLIOTIEX

1936 4111 376 52 Signatur. LH4. S. 7. 14I. zV

162 4141 457 57 IMEOERSACHISSCHIE LMVOESEIBIOMIER

2100 3894 278 99 rematibus
