4540 4171
92 370 450 88 sc est adire lors

113 412 422 116 qu'elle aadheve

125 461 447 129 sou, tour et est

150 530 443 104 alle sur dix

159 588 387 104 on sur l'endioit

169 646 343 119 marque de 0g

625 240 1585 123 Mais comme la condition qui fait faire le transport

609 331 1574 120 fait depend entierement de latrone portechifre g. et

644 410 1546 127 telle est maintenant en repos; et ne peut pasagio

653 479 1562 123 il fant qu'elle aut deja agi, et dippose les autres a

637 553 1638 114 agir. c est a dire, on qu'elle ait rendu le grand monnement

632 618 1597 125 on la rone daddition carpable d'agiis sur ta portechofre

634 681 1616 150 survante; on quu'elle dispose sentenent. Ea rone porte

614 748 1613 155 ait cendu de en en altant sut dix  nit dispose

646 815 1618 153 la quivante a recevoir un transport, et a estre menee

662 868 1581 163 par le monemeat general on par la roue d addition.

683 938 1558 167 Ou enfin il fant qu'elle aut fait tane l'un et

699 1054 533 118 'autre ensembole

1469 989 732 151 De plus comme it peut

674 1084 1219 167 arrive que la porte-fon chifre suivante

665 1147 1580 173 Mars comme il peut arriver que la porte. Chifre

667 1216 1569 172 suivante soit sur g. et par ce transport vienne aussi sur

648 1286 1567 155 bix et doine faire un transport sur la suivante, il

699 1355 1511 172 se s'ensuit premierement que ce ne doit pas estre la

658 1411 1608 192 hone d'addition, mais le grand monnement qui doit faire

702 1476 1508 197 le transport. Car  il peut arriver que la porte diifre

697 1543 1544 197 qui dut comme icus la seconde, qui doit faire son transiort

704 1615 1532 185 surta hoisieme aille sans que sa hone daddition

706 1696 1541 178 aille; c'est lors couesa lone d'addition n'est menec

709 1756 1513 185 par ancune deut inegale, et qu'elle même, Gaxoir

706 1816 1562 209 la porte  chiffie ne mardre a que r par le pransport

2241 1897 53 98 li

695 1925 945 162 estant deja sur g. d'ailleurs.

716 2043 48 105 it

799 1958 1432 192 Mais ul se honne icqu une autre difficulte. C est

706 2041 1567 181 que la porte cifre 1 3. qui fait le transport sur la dennieme

711 2110 1499 184 Eg. la clispose avant que de la faire, mener; et celleci

388 2173 1864 216 estantmenee faisant encorum trecusport sur 39 la dispose aussi avant

709 2252 1504 162 que de e la faire mener var le grund moinement.

709 2305 1487 186 et amsi a l'egard, de ex quatineme, cinquieme, et

711 2365 1548 186 antres de suite. Mars le gram le tout se Doit faire

713 2430 1548 193 pendant le deux tiers dela. dixieme partie du tou du

718 2495 1563 195 grand invanement. Ce qui est possible, quand it y a beautus

718 2579 1566 192 de transports en ensemble a faire. Si ce n'est

600 2664 1601 176 que quon logrund monuement nille ibien tard, car

692 2720 1551 178 antrement comment le dibiser en tant de parties, sanc

713 2838 438 134 que les tmpes

1195 2780 1013 151 fasse avec trop. de vistesse sa si

713 2845 1544 188 sen'est que les resoit ponsports allassent avec une

1594 2898 637 112 il fant done faire

672 2945 896 160 vistesse o prodigiense,

674 2986 1525 195 que tons ces transports qui se doinent faire

720 3056 1518 185 les uns surles autres; se fassent en memel temps

704 3128 1548 176 par consequent il fant ve les pieres tout ne doine

711 3181 1534 195 estre it ne ant pas dans les portechifres

730 3258 1538 169 qui eq doirent recevoii et donner un transport que

732 3311 1488 183 qu'elles soient disposent les autres a e quivantes

711 3385 1513 176 a en recevvir quam elles serout sur dix; car

709 3438 1527 176 asi tont irvit de soite l'unapres t autre; mais il faut

718 3505 1520 179 que lors qu elles sont sur a elles disposent tantles

509 3587 1729 184 choses parsavance; ai en sorte que quand elles viendiont

3624 111 185 76 parta

2665 145 1784 172 par apres sur dix, en meme semps sune piece appartengute

2676 222 1768 162 a la porte chifre suixante soit disposee en sorte, qu'elle cg

2690 289 1810 195 que les deux portes syaorir la seconde et la trotisieme, puissent

2695 370 1756 176 estre dipposces tont a la fois par la premiere porte diifre

2650 542 200 108 i estre

2896 433 1562 164 mene es ensemble par le monnement general Aiusiu la

2723 500 1708 195 deuxreme porte.chifre estant sur q fait une disposition a la

2702 556 1731 217 disposition qui doit estre farte par la prenbere quand elle

2743 734 406 102 fera sur10.

3202 623 1201 178 Marsil fant que cette predispositiori

2725 690 1708 206 soit defarte derechet, quand e L elle, Lanoir la seconde

3483 780 623 128 Aour imaginer tont

2739 827 602 157 passe de quibte 9.

2683 952 111 65 ence

2600 991 225 100 est hacen

2866 855 1616 201 on s imaginer cejus plus distinctement, fca est

2706 940 1736 220 e quiqs consiste tonte la difficulte a non avis & et qui

2723 1021 1715 218 paroissit comme insuperable s pono si quand on

2699 1096 1750 208 vent lobemi qve letrausport velb addition S'achevent

2709 1144 1735 234 pendant la meme dixpeme partre Car autrement lors quit

2748 1218 1724 220 on se pourroit sepvir de la facion de mapremiere

4002 1288 475 148 Mlais pont

2685 1378 895 137 inventum, qui est bonne ai

2743 1385 1701 206 imaginer leque plus distitucrement il fant considerer

2676 1462 1757 215 premierement cesqui servit necessaire s il nu avoit que

2669 1545 1829 197 deux roues portechifres c est a dire pour un simple tausport

2757 1603 1734 216 par apres nons verrons ce qu'il fandra pour trois, C, est a dire

2741 1670 1717 209 pour transport sur transportsq. Car ce qui ssera bon

2757 1726 1676 218 ponr trois, quand la chose es prise de cette facon, le sera aussi

3612 1793 893 137 noni le transport de 19 sur 29

2790 1858 767 153 pour dravantage o or

3418 1941 104 91 me

3689 1860 813 132 plantec sur un arbre a part.

2709 1976 55 114 is

2804 1962 503 128 fant une sea

2709 1923 1782 215 et deux. preces  et H. dout q sera porte par Varbre

2727 1990 1704 213 de 1g. ec M par l'arbre de ag. laporte Or la porte

4013 2127 478 88 da piere F. et

2713 2043 1785 258 Mifhe .8 illant sur le 10. _tonchera avec copiere on dent aV

2808 2145 1141 209 soit en alleul soit en venant) une des dents

2790 2168 1705 239 Ia faria fera Ce avancer un peu. cete dent estant buissee.

2785 2236 1708 222 par dla une deut de la rone F qqui est en bas estant encor plus

2790 2423 206 114 suissee

3028 2296 1484 195 se laissera prendre par le grand monuement, et prendra par

3691 2372 779 128 imaginias  concerons

2760 2430 746 165 une antre dent la none M.

2785 2428 1720 211 que F ait cinus dente dont den  uvir 112 regardent directeme

2783 2488 1624 223 eu bas en fur fourchette la Rone e. dependante  du

2764 2535 1701 243 grand monnement. la horsieme deut regarde un peu vers en haus

2769 2613 1699 225 est adiie vers l'arbre de la rone 1g qui est en meme temps

3360 2674 1078 173 in plus haut que F les denx dernieres

4329 2741 92 102 ssi

2778 2792 399 109 a coste dioit

2778 2757 1474 199 g. 5. regarderat e e en courchette, la rone M de l'hubre de

2749 2801 1751 213 regardant aussi unpe vers en hant, csi car 2 g est aussi plus hant

2769 2875 1726 216 que F. Amsi les rones R. et M. pourront tomne tant iqu elles

2767 2931 1675 220 vondrent sans toncher a F si ce in est lors que 3F est mene

2813 3000 1676 179 par V. de l'un on de Iantre coste. Car. alors. ae, igallant

2790 3068 1715 166 de hunt en bus par divite en bas, et _p V. altant de bas par ea gauche

2801 3123 1688 172 ea hant, et chemin faisant remcontrera ReB 3F qu'il fera aler de la

2778 3163 1697 185 divite en haut et F de la gudre en bas, mans F estant un peu

2760 3220 1731 188 rescenddu, sera rencontre de la deut An qui altant de la dioite gauche

2757 3283 1692 183 en haut H attrappera. F et le menera achevera de le mener vers la

2760 3325 1708 194 gaucre en bas, et an dela verp la divite, en 2F. Cependant. F

2764 3373 1727 209 ira vers FF du haut a lagauche, et menant M de cagandre er

2815 3436 1676 188 bas, ou de la gaudre en hant, ande de d'en hant par la divite eubas

2806 3489 1669 200 il est manifeste que 2 Z. iia comme cg. et le transport sera fait

2727 3554 1787 195 la piere F sera semblable a une dupremuer de ma premiere invention

2776 3619 1724 174 et ladescente on monuement de F sera regle par desentailleures

2855 3679 1647 149 en hant dans les quellaes donnera impetit ressort senunt a temii fer

326 3955 788 70 GOFFREDNILFIEIM LEIBNIZ BIBLIOTHEN

3958 3967 382 60 Signatur: L HI 42. 4. 1. 101-30

322 4029 797 63 NIEDERSACHSISCHE EANDESBIBLIOTHIEN

2305 3350 42 81 A

2305 3362 360 118 dediine en bas

2312 3438 350 91 comme 19. (Cav 1g

2319 3480 350 97 valomne le gram

2333 3540 211 78 monnement
