4855 4263
2964 85 1848 118 Febris calor nativus versus in igneum J. L. vel est praeternaturalis calor vel frigus in ho.

2971 142 772 92 mine, ex sanguinis corruptione ortus.

2966 217 1663 152 Ferax quod abundantem ex se proeducit fructum J. L. quod copiosas feuges profert.

2966 303 1839 154 Ferre est corpore suo bajulare. Portare est lectica aut jumento secum ducere, Agere ante se pellere

2968 376 1498 118 vel, onus corpori impositum habere vel cum onere corpori imposito procedere.

2964 454 1836 145 Ferrum, quod in agros colendi gratia fertur, vel quo caetera feriuntur. J. L. est metallum nigrica

2976 513 1812 157 si est impolitum: subcandidum, si est politum. L. P. vel metallum humano generi utilissimum, et

2971 577 1151 121 quo instrumenta discindentia et sejungentia parantur.

2961 674 1811 138 Festinare accelerare gresum. Festinat, qui multa simul incipit neque perficit. properat, qui

2961 746 1839 125 unum quid mature transigit J. L ex Catone. Festinare est temeraria et praecipiti ceteritate alio

2966 800 1827 130 contendere, properare cito et strenue progredi, ut eo, quo velis, pervenias. Maturare est neque citiu

2966 859 1825 133 neque serius, sed intempore procedere P. festinare est corporis necessitatibus obsequentis.: propere

2971 918 1834 145 est animi studiose ad res aliquas contendentis P. ex Nonio. vel actionem aut iter cito ad finem

2964 985 398 97 perducere conari.

2964 1084 1834 164 Festus solenniter latum ac feriatum J. L. ex Nonio. Festi dies in quibus vel sacrificia Diis offereba

2973 1162 1822 135 tur vel dies diurnis epulationibus celebrabatur, vel ludi in honorem deorum frebant, vel feria

2968 1222 1832 132 observabantur. T. L. Festus dies est, qui cum solemnitate in honorem Dei est constitutus et contrado

2973 1281 1822 147 stinguitur diei profesto. L. P. vel dies, quo a faciendis operibus cessamus, deum celebramus, a

2976 1371 476 102 maeque curam gerimus.

2971 1456 1838 140 Fibula circulus et ornamentum cinguli ad vestem subligandam J. L. quae fibras, id est, extremit

2968 1522 1808 142 tes vestium constringit. vel ex corpus durum, oblongum, quod ingreditur in foramen ali quod

2973 1589 1834 149 ad quippiam cohibendum, ne laxetur aut prolabatur: quasi findat illud, quod perforat. talis acus ae

2968 1660 1699 123 vel aurea, quae in annulo trans versa trans adigit corrigiam ad cincuras. M ex Scalig.

2971 1762 1843 151 Fictio est vasorum ex luto formatio. vel quâ aliquid ingenio manuque hominis artificiose format

2964 1825 663 105 J. L. vel est rei falsae excogitatio.

2966 1915 1832 138 Fidelis cui fides tuto ad hiberi potest, qui fidem servat. J. L. fidem suam praestans H. qui in laborib

2968 1984 1834 142 alterius faciendis nulli operae parcit, vel res alteri ita custodit, nequid ipsius culpa pereat. Falle

2968 2053 202 66 nescius.

2966 2117 1836 170 Fides dictorum conventorumque constantia et veritas: qua fit, quod dictum est J. L. ex lic. qua assent

2973 2190 1827 145 mur dicentis auctoritati et testimonio. Fides justificans qua Christum Redenitorem in verbo Evan

2976 2257 1786 125 gelii recte agnoscimus, et propter ipsius meritum confidimus nos ex merâ gratia remissionem a

2978 2320 1817 119 torum habere, nobisque justitiam ejus imputari L. P. ea qualitas et affectio animi, qua quis fidit, V

2983 2387 1774 116 affectio animi, ob quam alicui fiditur. M. qua certi sumus, alterum nolle nos fallere, sive quo

2976 2448 1597 121 missis alicujus sine dubitatione in haeremus. vel qua praestamus id, quod promisimus.

4762 2448 40 97 b

2976 2569 1829 152 Fiducia cum res aliqua sumenda mutuae pecuniae gratia vel nuncupatur vel in jure ceditur .

2980 2652 1813 130 spes roborata ex aliqua firma opinione. vel magnanimitas, per quam promti sumus ad res diffic

2976 2704 1803 128 aggrediendas. M. est affectus conjunctus cum opinione ea, quae salutem afferre possunt, praesto

2976 2768 1784 123 ea vero, quae terrendivim habent, aut nulla esse, aut longe abesse. Ammon ex Aristot. vel est por

2976 2837 1606 123 sio animi, nos ab aliquo bona quaedam obtetituros aut per illum aliquid effecturos.

2973 2936 1851 145 Figere immittere, ut hereat M. facere, ut quid haereat in aliqua re, vel rem quandam transeat

2971 3014 1253 107 vel clavo rem aliquam alteri jungere, ut illi firmiter adhaereat.

2968 3083 1856 180 Figulus, qui ex cretâ aut argillâ aliquid facit M. vel artifex ex argillâ instrumenta domesti

2976 3178 220 92 parans.

2968 3254 1849 156 Filius qui ab aliquo genitus est, et producitur in similitudinem speciei ex essentia generantis L

2973 3327 1000 95 vel est mas in similitudinem essentiae ab alio genitus.

2966 3400 1853 150 Fimbria vestimenti extremitas. ora vestimentorum M. vel extrema pars vestis, ubi parnus du

2971 3479 765 97 plicatur, ne vestis facile dilaceretur.

2968 3569 1839 135 Firmus quod constanter omnia fert. J. L qui habet robur virium non facile solubilium L. P. vel

2968 3649 1128 92 qui habet connexionem partium non facile dissolubilem.

2973 3725 1832 118 Fistula, per quam aqua educitur fusa. per quam spiratur J. L vel instrumentum musicum, quod infle

2968 3786 1853 117 tum opem emittit H. vel instrumentum musicum, quod leniter inflatum sonum quidem obtusum, auribus ta

2961 3836 387 62 men gratissimum edit

345 4035 861 64 COTTFRIED VILHIEIM LEIBNIIZ BIBLIOTtIEK

4193 4049 462 57 Signatur: LH a, 7D. 2. 1201I. 27

343 4113 863 62 NIEDERSACNSISCNELANDESBIBLIOTHEI

4630 68 55 65 2
