4588 4262
485 597 320 100 timpossibile

1101 49 1097 156 ubi extractio non habet locum. Et cuqu

1117 146 1116 128 exponens potentiae non ebetur est

1122 224 1140 135 rationalis, recurrendum est ad Logarithmos

1179 291 917 125 Et quaedam extractiones tales sunt, ut

1136 350 1076 135 Et quaedam extractiones tales sunt, ut e

1122 416 1064 130 radices illae surdae nec in natura rerum

1139 471 1106 132 extent, tunc dicuntur imaginariae et problema

1148 518 1076 152 est impossibile, ut cum analysis ostendit

1132 584 1068 152 circulum  punctum quaesitum debere

1144 648 1028 147 exhiberi certi per intersectionem

1132 710 1106 137 certi circuli et certae rectae, ubi fieri potest

1134 769 997 130 ut ille circulus ad illam parallelam.

1158 821 1047 142 restam nullo modo perveniat, et func

1141 864 1113 163 q intersectio erit imaginaria; utile tamen

1139 930 1087 147 est eam perinde considerari ad realem, quia

1113 982 1068 173 ratices imaginariae adde computande

1134 1041 1094 171 cum realibus; ut integer numerus radicum

1144 1093 1101 166 alicujus aequationis habeatur; aliaque multa

1132 1150 1120 164 de ea utilia possint determinari Quan imo

1110 1217 1161 170 deprehendi interdum necessario, quantitat et

1127 1333 1142 163 per interventum quantitatum imaginariarum

1115 1392 1161 163 formulasque indenatas non minus utices esse ad

1125 1444 1137 175 omnia analyseos opera quam formulas

1139 1501 1118 168 communes. Et has quantitates appello

1112 1555 1159 187 in speciem impossibiles; cum reapse sunt reales,

1136 1624 1050 177 praeceptaque trado, quibus id agnosci possit.

1224 1683 1066 152 Multum autem interest inter E quan

1132 1740 1111 175 titates imaginarias, seu impossibiles

1139 1804 1106 173 per accidens, et ima impossiblles absolute

1165 1870 1066 147 quae involvunt contrabictionem, ut cum

1158 1917 1137 169 nis invenitur ad problema solvendum opus

1146 1977 1073 170 esse ut sit. 3 aequ. 4 quod est absurdum.

1146 2024 1120 178 tmaginariae vero seu per accidens impossi

1158 2083 1056 182 biles, quae scilicet non possunt exhiberi ob

1160 2133 1125 201 defectum sufficientis disantia ad intersectu

1132 2202 1158 196 nemnecessariae, possunt comparar

1134 2273 1094 168 cum quantitatibus infinitis, et infinite

1136 2339 1130 168 parvis eouae eodem modus oriuntur. Nam

1530 2389 682 142 in A B in definita    sedn

1236 2471 265 81 resta

1506 2453 739 125 restet ex puncto C educta

722 2519 500 163 ad quam sito perpendi ut

1262 2526 152 90 cude

1740 2521 505 100 c 1B 2BCB

1151 2569 630 130 patet se inc puncto

1148 2573 1132 187 patet quo linea CB magis a recta recedit

1144 2644 1134 157 quo prout angulus in angulus in B est pro

1144 2704 1070 170 recta CB ad rectam AB angulus facit

1148 2765 1111 154 ad propiorem recto recto eo minorem esse

1160 2824 1135 166 AB, adeo ut in casu anguli recti 1B incidat

1153 2872 1132 182 in A, seu A1B sit infinite parva sive nulla

1160 2947 1097 164 contra quo angulus  vel inclinatio rectaec

1151 2992 1115 190 ad rectam Ac magis accedit ad Parallelari

1148 3073 1114 173 eo major erit AB. ita A4B major quam

1172 3130 1087 182 eB A3B. sed quam itas quando rectu

1152 3265 1105 187 punctum commune B, est imaginarium t

1145 3215 1117 174 eB fit omnino parallela ipsi AB, tunc

1189 3333 1035 168 seu nullum + et recta AB,  est

1160 3400 1161 163 infinita. Et tamen hujgmiodi: maginariae

1167 3464 1073 163 egregium usum habent tum in Conicis

1158 3509 1118 177 tum alibi passim. it ad constructiones

1139 3591 1132 147 universales inveniendas. quod adeo verum est

1170 3641 1106 164 ut saepe calculus ad eas necessario ducat, ubi

1160 3703 1139 147 harum rerum nondum satis periti more torquentu

1184 3755 1125 144 et in absurdum se in cidisse putant. intelligent

2340 3378 272 95 radicum.

2295 28 1212 118 vero sciunt apparentem illam impossibi litatem

2295 73 1769 166 tantum significare, ut loco anguli dinglli, qua qui quaesitum facientis

2307 137 1468 168 quaeratur ducatur parallela; et hunc parallelismum esse

2328 210 1314 168 dee angulum illumseu quasi-angulum quaesitum

3401 246 867 123 ocet intommen surabiles quantitates

2401 303 1177 175 incommensurabiles vero Reales possunt in

2311 388 1244 156 natura exhiberi: eaeque sunt vel Algebraicae

2299 426 2002 203 vel Transcendentes. Algebraicae cum inveniuntur extractione radicis certi gradus

2304 528 1282 170 ope aequationum centi gradis. At Transcendentes

2309 582 1239 182 cum gradus aequationis aut est incertus, aut

2307 651 1331 158 aut non est  enuntiabilis. Et ad Transcendentes

2321 741 1118 137 pertinent Logarithmi. Et quadm

2307 783 1245 171 Et variu sunt modi  Transcendentem exprimendi;

2295 861 1163 166 tum ad instar Logarithmorum, tum certis

2295 928 1203 165 operationibus, quae supponuntur in infinctum

3766 968 265 69 atin

2295 992 1227 163 continuatae,  finities actu ipso praestitae

2302 1034 1613 194 quantitati quaesitae quantumlibet accede accederes debent,

4050 1086 348 95 et minlimas

2325 1134 1137 163 unde oriuntur appropinquationes. Hunc

2330 1169 2177 211 pertinent etiam aequationes differentiales; calculus differentialis sem per maximas

2337 1278 1246 168 cum data differentiarum seriei proprietate

2333 1344 1172 183 quaeritur ipsa seriei proprietas item

2354 1423 1146 170 et calculus replicatus, cum scilicet dato

2349 1468 1260 208 proprietate seriei replicata, datur proprietas

2347 1607 417 126 seriei absoluta.

2444 1617 1080 177 In quibus omnibus notandum est, plerumque

2315 1676 1439 196 ex eo oriri difficultatem problematum Transcendentium

2318 1752 1305 191 quod non habentur  ad eas perveniendi, nisi

2340 1839 1198 168 susto ampliores, id est quae plus proestant, qu

2361 1896 1343 185 si succederent, plus darent quam quod Quaerimus,

2337 1960 1315 173 ita viae quae ducunt ad quadraturam circuli, solent

2344 2026 1128 157 etiam quarer ducere ad quantitatem

2321 2081 1243 189 codusquadraturam cujuslibet sectoris generalem

2325 2140 1261 189 quae algebraice est impossibilis, quemadmodum

2340 2220 1167 161 demonstrari, potest. itaque arte opus est,

2314 2282 1153 185 ut problemata meho id quod quaerimus

2337 2353 1305 173 quaeramus via, quae ipsi soli sit proaria

2335 2419 1215 168 Haec eadem ratioe est cur  aequationes

2344 2483 1152 166 altiorum graduum difficult sunt difficiles

2323 2552 1163 178 resolutu, quia scilicet unam radicem forte

2325 2614 1185 172 quaerimu at eadem opera invenimus plures

2337 2673 1161 189 si eam solum invenire daretur verum talis

2340 2734 1184 192 est natura problematis, aut saltem

2352 2770 1350 199 dissaltem ita ut a nobis concipitur fut non possit

2337 2872 1107 172 una inveniri, quin et reliquae habeantur.

2389 2928 1336 183 in his autem omnibus quantitatibus irregulaibus

2366 2992 1345 204 quales sunt Nihilo minores, fracti Irrationales

2333 3068 1866 187 imaginaeii, Transcendentes, Imaginarii, peculiares sunt observationes

2335 3156 1390 177 legero modo instituendae additiones subtractionem

2344 3241 1306 154 Multiplicationem divisionem, extractionem

2446 3348 1215 179 In omnibus operationibus utile est adhibere

2343 3438 1172 170 quasdam lileras capitates serundum quas

2354 3499 1236 171 formula ordinetur Fonmutae rationale

2352 3568 1212 173 constant ex formis sive terminis. Termini

2354 3615 1362 194 Formae Formulae sunt eodem modo compositae

2394 3705 1267 190 qua sunt completae respectu titerarum;

618 2244 324 121 constitutionis

116 3303 1020 187 per angulum solubile no est parallelisinus

108 3165 957 171 discrinen tamei inte,  duo imaginarra

125 3236 940 164 quod uno modo oblema solubile, altero

132 3269 929 183 non; hoc tamarus commune quod sallem

87 3433 400 111 eim revera non

487 3393 444 93 est angueus a

492 3404 545 126 infinite scilicet hinc

513 3480 193 121 distans

3775 763 403 116 quantitatem

338 4044 789 68 GOFFRED NNILHEIM LEIBNIZ BIBLIOTHIEK

3960 4053 426 62 Signatur: Lti 4. 7B. 6. 1221.1IV

326 4117 803 64 NIEDERSRCNISISCHE LANDESBIBLIOTHIEN

3811 1411 343 97 Fquaeritur

4339 165 102 85 L

3687 2339 742 123 +tiam in problematibus

3730 2389 753 113 communibus seu Algebraicis

3680 2566 569 114 qua essemus contenti

3485 2822 986 110 Eadem difficultas ab indeterminatione

3839 2850 616 114 apparet in prodiematis

3875 2907 601 109 Diofantaeis. Quin imo

3910 2950 583 112 indeterminatio causa est

4251 3011 275 74 incommensra

4246 3059 268 67 bilipiam

4268 3092 265 80 cum quaesit

4114 3142 424 73 quantitas non potest

3991 3191 549 90 per naturam rerum exprim

3890 3234 655 116 quin simul et alia exprimata

3898 3293 649 92 eodem valore, necesse est co

3898 3345 590 115 beri radices irrationales.

234 106 861 123 Et cum non habet locum expessio
