4830 4380
146 166 1034 118 Attributum reale est quod demonstrari

90 226 1110 138 potest ex absoluta rei natura; attributum

94 304 1115 131 apparens est quod rei tribuimus tanquam

109 374 1052 124 Sine respectu ad nos, cum tamen revera

109 428 1005 136 non possit rei tribui, nisi qie pro

107 479 1029 158 dispositione nostri qui id percipimus.

114 532 1137 154 rale attributum est calor, putamus rem sec

99 581 1322 166 esse calidam plus minusve, cum tamen appareat nobis

80 632 1346 190 eandem rem secundum diversas nostri corporis partes

107 703 1046 168 alidam et non calidam apparere.

177 744 1037 173 Ens reale autem concipimus tanquam

90 812 1085 173 sul id quod habet attributa realea, et

92 868 1130 173 quemadmodum nosmet concipimus, nam

102 917 1103 170 a nobis sumimus conceptus pro aliis rebqus

77 939 1573 209 Apparent autem concipimus ut somnia. Est autem quidem

90 997 1351 217 signum i Realis a posteriori connexio omniume

82 1065 1101 185 apparentiarum inter se, quae de est somniis

68 1099 1185 202 non tamen  est demonstrativum. Itaque non alio

104 1150 1200 202 modo sciri potest reacitas objectorum quaesensus

73 1231 1136 185 nostros afficiunt quam a priori, considerando

94 1277 1235 197 u nos non posse esse solos in Mundo

114 1335 1117 195 et eandem rationem pro aliis hominibus nobis

114 1406 1120 182 apparetibus esse, quam pro nobis et illis

116 1559 244 98 par jus est

440 1413 1261 207 nobis dubitandi, et et si possibile videatur in se

133 1506 1188 207 tut omnia ilea esse Phautasmata, non

114 1564 1190 202 tamen est possibile considerata harmo ratione

87 1625 1312 190 rerum universali. Illud tamen nondum demonstrare

99 1700 1164 195 possum, quod Corpora sint Entia realia.

87 1771 1169 170 adeo ut de de meo quidem id asserere ausim

82 1844 1062 185 sed haec pendent a vero corporis conceptu.

197 1919 1012 159 qabitas seu forma est id quo res

80 2022 840 158 distinemi possunt attributum

182 2061 993 184 Attributum aut sunt permanentia aut

97 2141 1086 173 sduentia Attributum permanens est

104 2204 1081 175 o status est status aut mutatio.

116 2245 1118 190 tatus est quanquam repera Mutatio

104 2311 1149 173 sit attribut aggregatum duorum statuum

131 2372 1132 170 oppositorum in ctuo temp uno temporis

99 2438 1149 168 tractu nullo existente momento mutaois

85 2506 1042 158 ut in dialogo quodam demonstravi.

119 2574 1037 139 Qualitas est id quom attributum

70 2632 1220 180 quo distinguimus memoriaer, seu quo distinguimus

92 2683 1188 178 ea quorum unum adest, aliud non adest.

90 2769 1151 163 Quantitas est attributum quo distinguimus

65 2812 1217 200 etiam similia, seu quae pe esd easdem

68 2888 1161 185 habent qualitates et proinde s memoria

70 3005 628 143 discerni non possunt

143 3036 1047 158 Actio est status ex quo immediate

85 3112 1061 168 sequitur mutatio in alio, quae dicitur

192 3246 53 73 io

87 3238 78 83 sa

94 3216 1140 173 Relatio est idem attribatum duorum

58 3260 1517 197 diverso modo attribatum cui difficulter ab aliius praedicatis

90 3365 1156 153 alidistingui videtur, nam agere quique

60 3435 1252 146 requirit aliquid quod patiatur, Magnitudo ci

80 3503 1254 149 es res comparatione consistit. Qualitas

63 3542 1597 173 in dispositione ad agendum. Videntur ergo ad Relationem

82 3628 1196 150 proprie pertinere denominationes

109 3684 1171 172 extrinfecae,  quae scilicet nascuntur

133 3742 1218 190 et pereant nulla subjecti ipsius mutatione

279 3813 1184 168 sed tantum, quia fit mulatio in alio

1434 1519 292 96 F in ficundo

2449 68 1180 136 ita pater et fit pater nato filio

2466 133 1161 151 etsi ipse qui forte in India orientali agit,

2483 197 1171 148 nihil inde non afficiatur. Ita similitudo

2466 265 1549 153 nea cum alio nascitur, et oritur nulla etiam sine

2449 347 1212 129 mutatione mei sola mutatione alterius

2453 384 1299 158 Fatendum tamen interim hoc rigorose nullam

2470 455 1176 146 esse denominationem extrinsecam in rebus,

2451 494 1461 167 quia nihil contingit ullibi in mundo, quod non omnia

2473 549 1417 168 haec in Mundo existentia reapse afficiat, est enim

2449 596 1448 199 sed hac rerunt sd seposita tamen hac rerum uitversali

2439 664 1224 180 sympathia pro extrinsecis denominationibus haberi

2456 790 197 112 possunt.

2536 783 1088 170 Rerum Genera sequuntur Cause. Omnis

2419 854 1174 170 Causa confert aliquid ad Effectum. Hoc tamen non

2419 907 1169 197 sufficit, nam potest aliquid conferre ad effectum

2436 978 1140 175 quo tamen non sequitur aliis quod scilicet

2424 1031 1181 171 alia requisita desint, aut quaedam impediant

2429 1107 1178 148 itaque requiritur, ut Effectus etiam sequatur ataque

2444 1165 1117 170 Proinde est causa est conferens cum successu.

2446 1214 1222 175 conferens est importans rest non quidem

2429 1272 1208 180 absolute ad rem requiritur, requiritur tamen ad

2417 1343 1229 163 eam secundum certum producendi modum. Causa

2419 1404 1278 155 igitur est requisitum rei secundum eum producendi

2419 1472 1203 158 modum quo reapse producta est. Requisitum

2415 1540 1297 148 est aliquid re natura prius sine quo ipsa quo non

2424 1591 1196 178 posito ipsa existere non potest. At inquies

2441 1654 1210 180 ergo finis non est causa. Et sane fateor finem

2436 1720 1208 170 non esse causam, non enim existi sed ejus

2424 1786 1264 163 conceptum esse causam et quidem efficientem

2417 1868 1256 141 inter efficientes, nempe impellentem  efectum

2488 1912 1343 185 Efficiens est causa quae confert agento; si actio

2429 1988 1208 194 Efficiens promaria est quae ex cuus in qua est

2429 2080 1251 163 principium actionis illius qua effectus producitur.

2461 2117 1572 180 Instrumentum est causa pr efficiens in qua producitur ab allio

2427 2243 881 110 actio illa qua effectus producitur

2483 2284 1195 151 Efficiens remota est causa efficiens efficientis

2478 2396 316 100 propinquae

2490 2404 1134 148 impalsiva est causa efficiens voluntatis

2429 2469 1161 156 Care  generalius de etam quae non

2449 2540 1056 134 habent voluntatem intelligunt impelli

2446 2576 1125 171 seu excitari; potest dici stimulans: t

2446 2659 1115 139 si ut si elt arcum tensum laxem

2432 2720 1127 134 non ego quidem revera ago, sed arcus.

2444 2769 1183 158 ita removens impedimentum agendi , item

2439 2832 1176 151 vim ngendi indeterminatam determinans

2419 2883 1191 156 ad certum agendi modum, exemliguta ut qui

2419 2939 1222 175 radios solis reflectit colligitque; qui irnitat feram

2424 2984 1476 172 animal aliquod saevum; is etsi non agat immediate

2466 3014 1760 232 pro causa tamen pi habero potest; quae posset dici Procuraens

2475 3138 1108 164 Causa Moralis est quae causae physice

2463 3194 1122 181 in moralibus aequi pollere censetur, ita

2444 3265 1141 170 qui arcum tensum laxat, revera tantum

2456 3328 1117 154 impedimentum la, et tamen occidisse

2436 3396 1198 151 dicetur; item qui admovet activa passivis

2444 3465 1200 143 ut ignem pulveri pyrio, occidisse tamen dicetur

2449 3518 1185 146 nec in pulverem culpam rejiciet, quia in

3965 3574 64 71 ita

2449 3574 1248 153 actibus voluntariis, an inanima tarum quae

4082 3696 292 61 t

2427 3573 2308 218 voluntate carent actiones procuranti imputantur soli. ut qui m praebuti imp llatu

2505 3718 1217 133 Impellens videtur dici posse quod ad actionem

2466 3778 1236 142 principalem producentem immediate confert

2497 3839 1291 139 Cohiberis quod confert ad eam impediendam.

3999 248 212 70 realiter

3819 80 755 90 Re recte expansa vedetur impossibile ut aliqua

3892 143 178 71 propositis de

4104 128 475 76 fint falsa, nulla in eo fecta

3980 170 406 58 utatione Nimitum mondus est

4391 172 44 54 qua

4204 163 487 114 tiari omnim matio affiaitio

360 4153 828 66 COTTFRED MILHIEII LEIBMIZ BIBLIOTHIER

4197 4161 450 68 Sionaluu. LHI 4. 7C. 12181. 107

333 4231 850 61 NIEDERSACHSISCHELANDESBIBLIOTHEN

3727 2700 711 124 Fut qui arcum tensum laxat
