4861 4286
3053 117 1781 130 Cella pars templi sacratior, in quam ingredi fas non erat. J. L vel est pars aedium in terr

3055 192 1501 127 effossa, res, quae ea continentur, ab aëre, in quo versamur, tutas praestans.

3050 302 1089 117 Celare cavere, ne alter rem aliquam videat vel resciscat.

3048 404 1786 157 Centrum a quo omnes lineae ad ambitum eductae aequales sunt. L. P vel est punctum lineae int

3050 488 1165 104 jacens, cujus lineae omnia puncta ab illo aequaliter distant.

3043 585 1772 126 Cera fit expressis favis, sed ante purificatis aqua, et triduo in tenebris sicatis, quarto die liquatis u

3046 650 1784 128 in novo fictili J. L ex plinio. vel est materia crassior ex opere, quod apes conficiunt; a fluidioribu

3046 714 1372 107 partibus separata, ad ignem alendum et varias formas recipiendas apta.

3043 804 1791 153 Certare orgumentum argumento opponere, vel armis se invicem percutere ad victoriam obs

3046 883 828 93 nendam, vel pugnando victoriam quaerere.

3043 942 1770 179 Certitudo qua quis habet ficam voluntatem. vel est determinatio intellectus adunum A

3043 1028 1775 148 vel certitudo est, quando certare desitum est, vel status, qua quis rem ita scit, ut non ampluis de il

3036 1088 188 78 dubitet.

3036 1157 1770 171 Cerevisia potus ex frugibus M. vel potio ex seminibus frumenti vario modo confecta M ex

3046 1226 1734 145 humor ex hordeo et frumento in quandam similitudinem vini corruptus M ex Tacito. vel est liqua

3031 1285 1782 165 fit ex aqua calida frumento tosto affusa, atque, postquam refrixit, fece cerevisia alterius fermentat

3031 1381 1451 147 Cessare ab opere vacare, cedere a labore M. cessat desidiosus, requie scit defersus

3043 1454 1472 129 nem intermittere; in actione non pergere; non agere, quod antea egimus.

4522 1454 284 119 vel cessare esta

3027 1538 1695 157 Chaos confusa quodam abinitio unitas, hians patensqu in profundum J. L ex Festo. rudis et n

3031 1609 1699 145 moles, prima materia omnium rerum in illo antea inani spatio M vel rudis inordi

3036 1671 1184 105 materiae confusa congeries M extactantio vel confusio reru

3027 1733 1205 100 fusa. ex Papia vel in ordinata massa variarum diversarum rerum.

4272 1712 503 135 vel materia coeli et terra.

3029 1816 1627 176 Character nota facta sculpendo M ferrum coloratum, quo notae pecudibus inuruntur M.

3022 1892 1762 179 Xaecartyses indixoi sunt imagines morales seu notationes vel descriptiones morum M. instrumentum

3027 1964 1152 114 quod alicui imprimi potest ad efficiendum in eo figuram quandam.

3024 2042 1689 191 Chirotheca manuum repositorium M. indumentum manuum tegendarum causa factum

3027 2123 1764 186 Chronica sunt libri sive commentarii de temporibus sive de rebus intempore gestis M Chronic

3029 2197 1498 143 scriptio omne omnium gentium aevum complectitur, annales tantum unius nationis

3029 2243 1760 188 in catullum. vel sunt libri historiam orbis terrarum juxta temporum seriem se invicem excipientes

3012 2300 277 93 continentes.

4646 2295 122 76 M ex Sa

3015 2383 1743 181 Cicatrix nota quae ex vulnere et ulcere sanatoremanet M macula in cute, vulnus ibi fuisse in

3010 2488 1762 174 Cicur, non ferus, quia cieri seu moveri potest sine periculo M animal ferum sed mansefactum J.L

3017 2552 622 86 quod consvetam feritatem deposuit.

3010 2631 1779 181 Cingere est circum dare in circulum M. ita rei apponere aliquid, ut illa sit in medio appositi.

3005 2726 1493 178 Circumferentia vide ambitus. magnitudo lineae rem aliquam arctè cingentis.

3005 2823 1782 224 Cisterna aquae pluviae receptatulum, vel lacus, quasi cista, quae aquam pluviam contineat M

2998 2909 1291 157 locus aquam plioralem excipiens rursusque eam haurientibus praebens

3000 3012 1765 200 Ciritas populi multitudo jure et legibus sociata. significat habitatores. P vel est multitudo civi

2996 3090 1793 191 certo ordine collecta L. P vel societas multorum hominum, ut feliciter vivant et mala imminente

3000 3159 520 93 a se amoveant, quaerentium.

3000 3243 1699 183 Cithara instrumentum musicum chordis ornatum, quae artificiosei tacta sonum edunt aurit

2993 3366 1775 196 Clamare claram vocem edere, vel vorem edere vi quadam adhibita, ut illa in loco aliquant

4639 3371 143 91 tum.58

2991 3457 367 71 remoto audiatur.

2986 3516 1789 198 Claritas est tam luminis quam perspicuitatis, vel splendoris: claritudo est generis sive nobilita

2989 3600 1767 169 B. quando sol liberos radios per aerem transmittit nubeculis eam non impedientibus vel quando

2993 3664 724 107 gloria alicujus apud omnes celebratur.

2989 3755 1593 172 classis multitudo navium M. naves bellicae, unum hostem oppugnatum exeuntes.

345 4059 860 69 COMIFREDNILHEIM LEIBNIZ BIBLIOTHEX

4189 4064 510 74 Sionau. LNI 4. 70. 2. 12681. 150 C

328 4138 881 55 NIEDERSACNSISCHELANDESBIBLIOTHEK

4637 92 57 65 1b
